3172 2320
564 222 687 265 Urba.

564 481 673 543 Qus
682 483 728 525 6-
738 480 816 520 Flu-

565 545 668 574 mma.

561 662 814 717 Opaerapubls'ca.

559 1048 660 1143 §atio
672 1050 841 1091 Gubernli-

866 117 957 155 ομ
1587 97 1941 153 REGNVM
1988 94 2286 149 CHINAE.

868 160 974 202 Idem
982 172 1149 216 tempore
1160 162 1298 215 hyemis
1317 161 1473 213 faciunt,
1483 160 1540 204 sed
1549 172 1630 204 tum
1639 176 1708 205 ova
1716 176 1791 205 non
1804 163 1897 204 fimo
1907 164 2073 205 condunt
2086 196 2097 213 ‚
2109 163 2165 203 sed
2173 162 2297 216 sportae
2306 162 2548 204 arundinaceae
2559 162 2570 203 i
2574 161 2846 217 mponunt‚cuii
2871 174 2954 204 nem

871 214 927 255 seu
938 214 1062 257 focum
1074 215 1238 268 tepidum
1258 215 1480 259 substruunt,
1499 215 1595 256 unde
1608 217 1753 269 aliquot
1771 217 1911 257 dierum
1922 216 2035 269 spatio
2047 247 2059 266 ,
2071 228 2168 269 aeque
2186 217 2384 268 prodeunt.
2441 218 2537 256 Tota
2550 218 2621 256 haec
2637 216 2756 269 Regio
2769 216 2831 256 uni
2857 216 2954 256 ubest

870 268 983 320 Regi,
995 280 1168 320 tanquam
1180 268 1387 309 Monarchae
1396 281 1522 320 ‚quem
1542 269 1673 308 Munda·
1684 271 1871 310 *Dominum
1881 281 1921 310 ac
1932 270 2016 307 Coeli
2035 271 2173 307 Fslmm..
2181 279 2319 307 vocant.
2354 269 2469 310 Vrbes
2481 267 2560 309 sunt
2574 282 2653 309 εει
2674 269 2830 309 celebres
2843 279 2954 320 ,qua-

872 333 956 360 rum
968 321 1119 361 nomina
1131 320 1366 360 terminantur
1377 319 1505 373 syllaba
1514 326 1566 361 Fu
1580 336 1589 360 =
1602 322 1709 374 quod
1720 322 1847 361 urbem
1860 321 2030 374 fignificat
2044 336 2053 360 =
2068 331 2106 360 ut
2119 320 2275 372 Camonfu
2296 352 2307 371 ‚
2323 324 2531 373 ‘Pnnquirffm
2590 322 2717 374 Opida
2726 333 2882 373 quorum
2900 321 2959 359 in-

899 374 1197 413 ensestnumerus
1214 402 1226 421 ‚
1243 372 1282 412 in
1292 372 1397 414 cheu.
1416 374 1500 427 Pagi
1511 374 1688 415 innumeri
1698 373 1794 419 sunt,
1806 374 1938 415 Incolis
1948 375 2152 427 frequentes
2164 404 2176 423 ‚
2187 373 2242 413 ob
2256 375 2471 414 continuam
2487 373 2757 426 agriculturam.
2811 376 2960 414 Omnes

887 437 946 465 ere
956 426 1062 466 urbes
1071 425 1119 465 ad
1127 425 1241 477 ripam
1253 425 1333 466 navi
1359 426 1462 467 abilis
1472 427 1654 477 cujusdam
1665 426 1839 467 Fluminis
1846 427 1915 466 fitae
1921 427 2019 476 sunt,
2036 427 2141 478 largis
2151 425 2411 478 profundisque
2422 424 2525 466 fossis
2537 430 2572 465 &
2584 426 2697 466 muris
2708 426 2865 466 munita.
2897 428 2958 464 In-

868 486 923 516 ter
936 478 1046 518 Lacus
1054 476 1326 529 quiamoenihic
1350 479 1714 527 unt‚memorarutille
1723 480 1760 518 in
1772 482 1878 517 Sancti
1888 481 2069 519 Provincia
2080 478 2262 518 rotundus
2272 510 2281 527 ‚
2290 491 2332 517 ex
2344 478 2585 519 inundatione
2595 490 2711 518 anno.
2733 490 2753 517 c
2762 491 2771 516 r
2779 492 2798 518 a
2806 492 2851 519 ιε)
2859 489 2924 517 ινι
2936 488 2955 517 t

866 529 980 570 fafflus
989 561 1001 579 ,
1012 531 1050 569 in
1059 542 1137 581 quo
1148 528 1330 571 submersae
1340 531 1510 572 Civitates
1529 531 1663 585 septem
1682 543 1802 586 praeter
1815 531 1977 584 Opidula
1988 535 2022 571 δι
2033 543 2149 584 pagos
2162 532 2415 571 &mortalium
2427 531 2614 584 ingentem
2633 542 2826 571 numerum
2845 561 2857 580 ,
2880 529 2959 569 uni-

865 594 913 622 co
938 592 1083 622 tantum
1097 594 1209 634 puero
1220 583 1258 623 in
1268 593 1399 624 trunco
1407 582 1547 624 arboris
1564 586 1712 626 servat0·
1754 585 1918 626 Flumina
1938 589 1973 624 &
1989 584 2103 624 Maria
2126 583 2316 636 pisculenta
2328 582 2420 624 sunt.
2449 584 2492 623 Et
2505 583 2625 635 Regio
2638 584 2709 622 haec
2720 582 2805 636 quia
2824 582 2962 623 mariti-

865 646 926 674 ma
944 634 991 673 cst
1010 663 1021 677 ‚
1037 639 1072 673 δι
1093 632 1221 685 passim
1238 635 1351 676 fluviis
1365 636 1625 689 navigabilibus
1639 638 1803 691 irrigatur
1820 669 1833 687 ‚
1848 637 1945 677 haud
1957 637 2089 677 minori
2113 637 2336 688 populorum
2353 635 2553 688 frequentia
2568 638 2605 674 in
2621 635 2773 676 navibus
2790 646 2901 688 quam
2913 648 2958 674 ae-

862 686 973 726 dibus
984 687 1181 728 habitatur.
1208 692 1306 729 Inter
1319 690 1444 742 Opera
1455 693 1488 728 &
1497 689 1685 730 strufiuras
1698 702 1779 745 egre
1806 690 1857 730 ias
1875 700 2068 730 occurrunt
2076 692 2186 728 ‘Pom
2202 688 2348 729 urbium
2368 687 2558 741 magnifice
2568 687 2614 728 ad
2627 687 2837 728 miraculum
2850 685 2961 738 usque

860 738 1050 779 exstruEtae.
1106 743 1225 780 ‘Plateae
1236 740 1335 793 quafi
1349 743 1397 782 ad
1408 742 1564 782 libellam
1580 743 1678 783 faeta:
1691 775 1702 792 ,
1727 755 1775 782 nu
1789 754 1899 796 quam
1917 753 1938 782 a
1959 742 2051 782 reeta
2062 742 2154 782 linea
2167 739 2389 782 declinantes
2404 772 2416 790 ‚
2427 750 2534 780 tantae
2552 739 2817 793 amplitudinis,
2840 751 2880 780 ut
2895 741 2961 782 iter

859 791 1040 845 praebeant
1048 792 1174 832 decem
1194 793 1445 846 quindecimve
1466 806 1537 836 una
1556 795 1809 848 equitantibus
1831 811 1840 833 ε
1862 794 1982 847 haeque
2003 792 2131 846 passim
2143 793 2466 846 interstinguuntur
2483 793 2653 833 Arcubus
2669 793 2964 845 triumphalibus,

859 845 926 897 qui
942 845 1050 885 urbes
1067 844 1168 897 supra
1187 847 1344 887 modum
1358 858 1507 887 ornant.
1560 848 1877 901 Lufitaniquidam
1896 849 2049 888 referunt
2062 847 2093 887 se
2114 846 2232 887 vidisse
2250 848 2286 885 in
2305 848 2394 886 urbe
2410 846 2556 885 Fuchco
2566 845 2708 885 Turrim
2721 845 2861 897 quadra
2888 846 2963 889 intae

859 898 1079 937 innitentem
1090 900 1285 939 Columnis
1292 913 1335 939 ex
1346 899 1463 940 solido
1474 902 1842 954 Marmore,quarum
1857 901 2013 940 altitudo
2020 910 2094 939 erat
2109 899 2346 952 quadraginta
2359 899 2597 952 palmorum(
2619 897 2783 939 mensura
2801 901 2870 940 Arc
2898 898 2964 938 ite-

860 950 1027 1002 Gtonica)
1040 951 1264 1003 latitudoque
1283 952 1496 993 duodecim.
1523 955 1609 994 Hoc
1625 965 1723 1006 opus
1732 953 1795 994 effe
1808 965 1911 993 tantae
1922 952 2184 1006 magnitudinis
2196 980 2206 995 ,
2225 962 2299 992 tam
2310 951 2489 1003 exquifitae
2500 952 2684 1004 elegantiae
2693 982 2705 1001 ,
2723 960 2799 991 tam
2816 951 2962 1004 infignis

863 1004 1065 1055 splendoris
1077 1014 1182 1055 atque
1201 1005 1359 1058 ingentis
1374 1004 1537 1057 sumptus
1546 1037 1558 1055 ‚
1574 1017 1616 1047 ut
1627 1018 1759 1046 omnes
1770 1007 1883 1046 totius
1897 1007 2048 1057 Europa:
2059 1005 2225 1056 superbas
2239 1007 2273 1043 δι
2286 1003 2495 1058 magnificas
2510 1004 2700 1044 structuras
2718 1004 2828 1057 longe
2839 1003 2919 1057 post
2934 1004 2965 1045 se

863 1055 1060 1107 relinquere
1070 1056 1287 1098 existiment.
1341 1058 1657 1110 Sumptuofissima
1668 1058 1804 1098 habent
1816 1069 1890 1098 tam
1914 1060 1949 1098 in
1963 1058 2121 1099 Vrbibus
2141 1069 2255 1109 qnam
2265 1057 2304 1096 in
2315 1058 2425 1110 Agris
2443 1057 2607 1108 Templa.
2617 1058 2696 1097 Rex
2711 1056 2838 1097 Chinae
2856 1056 2966 1098 habet

864 1106 929 1147 sub
941 1105 972 1145 se
982 1108 1280 1149 Gubernatorem
1289 1110 1388 1162 quasi
1401 1114 1591 1164 Protegem
1603 1128 1613 1152 ε
1626 1122 1738 1163 quem
1747 1111 1809 1164 ipfi
1825 1113 1961 1150 Tuam,
1974 1111 2185 1150 nominant.
2216 1110 2285 1149 Hic
2296 1108 2478 1150 causarum
2491 1109 2609 1149 totius
2621 1109 2740 1162 Regni
2750 1108 2966 1162 disceptator

865 1161 1037 1201 &Iudex.
1092 1165 1136 1202 In
1153 1162 1289 1203 Iustitia
1304 1162 1580 1205 administranda
1597 1166 1681 1204 huic
1691 1176 1824 1218 magna
1844 1163 2012 1204 severitas.
2036 1165 2211 1202 Latrones
2223 1166 2257 1201 &
2273 1161 2474 1202 Homicidae
2487 1162 2667 1214 perpetuis
2685 1162 2886 1203 carceribus
2904 1174 2964 1203 cu-

866 1212 1071 1254 stodiuntur
1082 1245 1092 1263 ‚
1109 1214 1228 1256 donec
1235 1214 1354 1269 flagris
1368 1247 1380 1266 ,
1395 1215 1507 1260 fame,
1527 1218 1581 1257 vel
1593 1216 1726 1269 frigore
1736 1220 1845 1257 vitam
1864 1216 2002 1257 finiant.
2090 1216 2227 1255 uamvis
2237 1216 2333 1255 enim
2348 1215 2479 1254 ==¹rimo
2498 1215 2701 1268 supplicio(
2711 1214 2815 1268 quod
2825 1215 2896 1255 fere
2908 1215 2967 1257 fla-

864 1266 1059 1320 gellatione
1071 1268 1232 1321 constat)
1245 1268 1557 1319 condemnentur,
1571 1269 1749 1310 sententiae
1760 1281 1884 1310 tamen
1895 1269 2060 1309 executio
2076 1268 2173 1310 adeo
2181 1267 2282 1309 tarda
2292 1299 2303 1318 ,
2324 1283 2343 1307 r.
2389 1267 2530 1308 naxium
2546 1268 2682 1308 horum
2700 1268 2983 1314 condemnata.

864 1331 947 1360 rum
960 1320 1086 1370 parsin
1098 1320 1246 1361 vinculis
1257 1323 1447 1363 moriatur.
1461 1323 1557 1362 Hinc
1569 1333 1694 1363 tantus
1704 1324 1928 1376 captivorum
1940 1322 2076 1375 ubique
2087 1322 2124 1362 in
2138 1321 2353 1362 Civitatibus
2364 1320 2538 1362 numerus
2553 1335 2562 1359 ε
2578 1331 2617 1361 ut
2630 1321 2667 1361 in
2680 1332 2753 1361 una
2764 1321 2853 1361 urbe
2871 1323 2963 1362 Can-

864 1382 935 1412 ton
949 1371 1032 1424 saepe
1045 1372 1274 1414 millesimum
1292 1374 1474 1415 decimum
1486 1375 1660 1427 quintum
1678 1375 1840 1416 excedat.
1876 1376 1981 1415 Furta
1994 1376 2010 1426 (
2020 1388 2096 1427 quo
2109 1375 2249 1414 nullum
2257 1374 2393 1415 crimen
2406 1372 2461 1414 his
2480 1373 2647 1427 partibus
2663 1373 2825 1414 odiofius
2837 1374 2855 1426 )
2868 1372 2963 1427 flagri

864 1425 1072 1465 verberibus
1081 1425 1330 1467 crudelissimis
1341 1428 1553 1480 puniuntur.
1581 1428 1851 1480 Flagellationis
1863 1427 1919 1468 hic
1937 1428 2072 1467 modus
2080 1426 2142 1468 est.
2156 1426 2360 1468 Hominem
2373 1435 2534 1480 pronum
2547 1427 2733 1467 collocant
2745 1457 2756 1475 ,
2766 1428 2934 1469 manibus
2944 1441 2964 1469 a

864 1486 969 1529 tergo
980 1479 1135 1531 religatis
1154 1494 1161 1517 :
1181 1480 1264 1520 huic
1276 1511 1289 1530 ‚
1303 1478 1417 1533 flagro
1427 1493 1469 1519 ex
1488 1479 1665 1520 arundine
1682 1491 1745 1522 aut
1761 1482 1905 1521 calamo
1916 1480 2013 1520 facito
2025 1511 2036 1529 ‚
2057 1480 2152 1520 suras
2168 1492 2311 1520 crurum
2329 1480 2559 1534 percutiunt,
2581 1479 2684 1530 cujus
2695 1479 2785 1519 icius
2802 1480 2897 1520 adeo
2912 1495 2964 1523 ve.

864 1529 1036 1579 hemens,
1051 1542 1091 1571 ut
1099 1532 1222 1583 primo
1232 1533 1373 1573 verbere
1384 1532 1524 1587 sanguis
1539 1533 1697 1574 eliciatur
1708 1549 1719 1573 :
1729 1531 1906 1574 secundus
1920 1534 2010 1573 iaus
2019 1533 2112 1573 adeo
2131 1531 2334 1573 maleficum
2352 1534 2553 1582 excruciat,
2564 1542 2605 1572 ut
2613 1532 2651 1573 in
2669 1531 2780 1584 pedes
2801 1531 2962 1575 consiste-

863 1595 903 1623 re
914 1594 1084 1635 nequeat.
1113 1585 1256 1638 Singula
1268 1597 1367 1626 crura
1385 1585 1510 1640 singuli
1528 1585 1725 1628 Carnifices
1741 1585 1921 1639 flagellant
1937 1601 1947 1625 ι
1970 1596 2069 1626 tanta
2086 1586 2310 1627 vehementia
2321 1597 2362 1628 ut
2378 1586 2521 1640 plurimi
2539 1598 2583 1626 ex
2593 1585 2894 1638 quinquagesimo
2910 1598 2964 1629 aut

861 1634 1077 1688 sexagesimo
1096 1637 1167 1677 istu
1185 1639 1294 1678 vitam
1304 1637 1451 1684 finiant,
1462 1651 1593 1679 omnes
1604 1640 1703 1679 enim
1715 1640 1811 1681 nervi
1832 1638 2115 1692 disrumpuntur.
2173 1638 2327 1680 Lusitani
2338 1649 2483 1680 narrant
2500 1638 2764 1699 lingulisannis
2780 1650 2828 1679 eo
2840 1643 2962 1680 mortis

863 1699 991 1742 genere
1010 1688 1112 1745 supra
1129 1690 1209 1733 duo
1220 1691 1418 1734 hominum
1432 1692 1542 1734 millia
1552 1693 1714 1736 interire.
1744 1692 1914 1747 Flagtum
1937 1692 2010 1735 hoc
2025 1691 2241 1736 Latitudinis
2260 1694 2309 1736 est
2321 1694 2483 1749 quinque
2498 1691 2723 1748 digitorum,
2739 1690 2961 1752 crassitudine

2846 1758 2962 1798 unius,
