3140 2288
546 846 666 887 vrba.

547 996 679 1037 Mores.

548 1205 593 1247 Vc
620 1204 701 1243 itm.

556 1651 659 1697 Chia.

554 1710 658 1749 Suus.

831 115 919 169 ⁶⁶4
1368 110 1755 159 AMERICA
1814 108 2460 158 MERIDIONALIS.

831 179 926 217 Sunt
936 183 1022 215 veto
1032 173 1070 213 hi
1092 175 1244 213 Montes
1253 170 1458 212 admodum
1469 172 1593 227 frigori
1602 174 1759 215 obnoxii
1771 205 1783 224 ‚
1793 173 1830 213 in
1843 173 1960 226 eisque
1971 172 2173 224 frequenter
2186 174 2283 213 nives
2293 173 2446 220 cadunt;
2461 181 2526 210 nec
2533 170 2684 212 arbores
2695 173 2932 225 utplurimum

834 227 1022 284 proferunt
1034 255 1045 271 ‚
1059 225 1156 266 unde
1167 226 1295 265 Incolae
1306 225 1426 279 ignem
1435 238 1480 265 ex
1500 237 1593 267 terra
1610 225 1771 279 quadam
1791 226 1919 267 adhoc
1930 236 2014 279 apta
2022 226 2159 266 fovent.
2191 225 2327 266 eAndes
2337 224 2415 265 sunt
2427 225 2541 266 etiam
2560 227 2713 266 Montes
2725 254 2736 270 ,
2748 227 2805 267 sed
2816 229 2936 269 conti-

835 293 908 324 nua
924 279 1003 319 serie
1013 277 1179 330 produeti
1192 276 1325 329 absque
1336 278 1495 319 vallibus.
1526 279 1574 319 l-li
1583 280 1693 319 etiam
1704 291 1726 319 a
1736 278 2001 331 Septenterione
2013 278 2051 319 in
2062 278 2252 318 Mcridiem
2262 278 2518 331 porriguntur,
2527 281 2562 316 &
2573 277 2663 316 inter
2680 277 2750 319 hos
2762 283 2796 319 δι
2805 283 2937 322 alteros

837 337 989 376 Montes
1000 332 1100 385 collao
1111 331 1296 371 Provincia
1307 330 1501 375 clauditur,
1510 344 1587 384 quae
1600 330 1681 372 sane
1688 331 1927 384 utplurimum
1945 331 2139 372 Montibus
2151 329 2274 370 referta
2284 330 2332 369 est
2345 358 2356 374 ‚
2366 342 2406 370 ac
2416 329 2539 383 frigori
2557 329 2711 378 subjecta
2724 359 2735 375 ‚
2748 330 2805 372 sed
2817 344 2940 375 tamen

838 385 941 426 valde
958 382 1145 437 populosa.
1178 386 1359 423 Montana
1371 384 1493 437 Regio
1505 415 1517 434 ,
1534 385 1676 424 Laevino
1697 384 1932 437 Appollonio
1942 383 2028 424 teste
2040 414 2050 432 ‚
2064 383 2419 435 MaritimaeRegioni
2442 382 2638 422 hominum
2650 383 2747 423 cultu
2760 385 2939 428 ,Vrbium

840 438 1039 490 frequentia
1051 440 1098 486 ,δι
1111 436 1182 476 soli
1197 433 1364 488 Aerisque
1373 436 1597 477 beatitudine
1610 439 1720 489 longe
1738 438 1872 489 ptaellat
1886 449 1946 486 ,ac
1959 436 2124 489 peculiari
2135 436 2271 476 idcirco
2290 436 2434 488 Regum
2444 434 2548 484 Sede,
2564 435 2829 489 Procerumque
2838 438 2942 478 habi.

842 486 968 532 tacu'lo
978 489 1092 529 excoli
1109 488 1298 529 consuevit.
1329 489 1435 529 Terra
1446 499 1568 541 ptaeter
1578 489 1837 539 Chamaecerafia‚
1848 494 1883 528 &
1892 490 1957 529 alia
1969 487 2006 528 id
2017 500 2133 541 genus
2144 500 2250 527 mora
2263 487 2421 528 dumetis
2429 487 2559 528 affueta
2568 515 2580 531 ‚
2592 488 2943 544 laetucassprassicas,

843 543 1025 596 raphanos
1038 553 1171 594 magna
1183 542 1393 594 proceritate
1404 541 1676 592 luxuriantes,&
1683 542 1845 582 tenuium
1859 542 1968 582 etiam
1985 540 2116 580 meniis
2125 542 2285 594 vulgares
2297 572 2308 589 ,
2317 552 2525 581 amaracum
2536 543 2570 579 &
2579 539 2707 580 fimiles
2719 540 2848 582 herbas
2856 554 2942 593 pro.

844 595 911 637 fert
928 610 937 633 :
949 599 983 634 ἃ
993 594 1128 646 reliqua
1140 606 1252 647 porro
1260 594 1385 633 omnia
1395 625 1408 644 ,
1418 606 1500 647 quae
1511 596 1634 646 postea
1648 593 1814 647 Hispanis
1820 593 2015 634 fetentibus
2023 594 2156 645 accepit
2169 625 2181 643 ‚
2197 593 2377 634 uberrima
2385 593 2560 635 referendi
2571 593 2795 646 benignitate
2806 594 2941 639 reddit.

844 653 980 690 Verum
993 658 1076 687 ante
1089 647 1155 687 alia
1163 649 1401 687 Frumentum
1413 657 1515 688 tanta
1522 646 1756 687 foecunditate
1766 648 1982 697 luxuriat,ut
1993 645 2018 685 fi
2032 659 2108 686 vere
2121 645 2289 698 proditur
2297 675 2308 689 .
2321 658 2398 686 uno
2409 659 2451 685 ex
2463 645 2572 686 sativo
2581 647 2766 685 Frumenti
2784 646 2943 695 sextario.

847 701 1109 754 quinquaginta
1121 711 1183 740 aut
1191 709 1336 740 centurn
1349 731 1360 749 ,
1368 698 1516 740 ducenti
1527 700 1708 740 interdum
1726 701 2010 754 progignantur;
2023 698 2124 752 quod
2133 712 2180 739 eo
2191 709 2285 739 certe
2295 699 2544 739 vehementius
2557 698 2723 738 demirari
2731 700 2810 740 licet
2822 731 2832 747 ,
2841 702 2943 752 quod

846 752 1055 794 levissimam
1069 751 1385 803 tenuissimamque
1396 752 1618 806 agriculturae
1627 765 1750 794 curam
1762 765 1803 793 ac
1817 753 1997 793 rationem
2006 763 2205 792 exerceant.
2231 752 2318 791 Auri
2335 751 2557 804 Argentique
2577 750 2748 792 ditissima
2760 753 2849 793 inter
2860 765 2945 794 om.

847 819 912 847 nes
925 806 1038 846 totius
1049 806 1164 846 Orbis
1174 806 1338 859 regiones
1347 817 1425 844 non
1437 806 1627 846 immerito
1636 805 1779 846 Peruvia
1791 805 1958 846 censetur.
1988 804 2163 845 Continet
2173 814 2294 844 autem
2303 806 2447 845 Peruvia
2466 804 2649 844 Provincia
2659 804 2750 844 intra
2761 804 2841 846 suos
2852 806 2942 847 limi.

850 870 904 899 tes
916 858 1085 911 plurimas
1100 858 1213 909 Vrbes
1224 870 1266 897 ac
1286 857 1458 898 Civitates
1468 889 1479 908 ,
1494 869 1652 909 quarum
1664 859 1919 911 praestantiores
1931 870 1972 899 ac
1987 857 2197 898 celebriores
2216 856 2295 897 sunt
2309 873 2317 895 =
2331 858 2446 896 Portm
2458 861 2557 896 Vetus
2568 885 2580 901 ‚
2599 856 2816 898 ea‘lrlichaelm
2826 891 2838 909 ‚
2853 860 2940 898 Tru.

843 913 972 968 gillam,
981 913 1111 965 Regium
1124 910 1177 950 seu
1188 913 1299 956 Lima,
1310 912 1490 964 Areqm'pa,
1503 909 1998 969 Qito‚Cagsco,Awropolis,&
2011 912 2185 963 Porefium.
2224 912 2394 964 Qarum
2406 912 2570 962 quinque
2578 911 2713 962 priores
2725 911 2772 950 ab
2785 911 2942 965 Hispanis

853 964 1013 1019 primum
1025 964 1110 1003 litus
1118 962 1383 1004 commoditate
1394 995 1405 1014 ‚
1417 968 1451 1003 δι
1464 976 1671 1005 mercaturae
1682 965 1934 1019 oportunitate
1945 964 2076 1004 allectis
2085 973 2271 1017 occupatae
2281 962 2412 1013 sunt,&
2423 963 2580 1004 :edificiis
2591 975 2695 1003 more
2705 964 2880 1018 Europaeo
2890 980 2939 1007 ex.

851 1028 999 1058 ornatae.
1028 1018 1086 1056 De
1096 1016 1262 1056 Moribus
1279 1028 1399 1057 autem
1416 1018 1675 1058 Peruvinorum
1687 1018 1725 1058 in
1736 1017 1933 1058 universum
1941 1017 2098 1057 Iaevinus
2116 1016 2336 1069 Apollonius
2351 1016 2397 1056 fic
2408 1013 2538 1056 scribit.
2547 1015 2701 1058 vniverfl
2713 1017 2828 1057 tribus
2841 1019 2937 1071 potis-

850 1070 980 1110 fimum
990 1071 1160 1120 gentibus
1180 1068 1447 1122 distinguuntur
1458 1083 1628 1121 ,quarum
1641 1069 1783 1123 fingulae
1795 1071 1914 1123 plures
1934 1068 2424 1122 subsepopulosnom‘inum
2439 1069 2555 1110 rursus
2572 1070 2741 1109 varietate
2750 1070 2942 1114 differentes

848 1122 1121 1163 continent.Hae
1134 1131 1260 1174 gentes
1271 1121 1557 1164 dissimilitudine
1568 1123 1779 1177 gaudem&
1791 1123 2073 1175 diverfislinguis
2084 1123 2161 1162 lunt
2170 1122 2323 1163 discretae
2337 1123 2558 1174 :frequenter
2572 1123 2681 1163 etiam
2692 1124 2839 1165 Limites
2852 1139 2942 1165 exce·
2992 1133 2998 1163 ’,

851 1176 979 1217 dentes
989 1174 1079 1214 inter
1090 1174 1119 1215 se
1130 1176 1221 1215 bella
1237 1188 1355 1229 gerere
1366 1204 1376 1220 ,
1388 1179 1421 1215 δι
1431 1175 1527 1216 ferro
1537 1176 1683 1225 injurias
1695 1176 1872 1217 vindicare
1882 1174 2062 1216 discordes
2079 1176 2241 1216 solebant
2255 1207 2265 1225 ‚
2277 1176 2481 1228 priusquam
2493 1176 2532 1216 in
2544 1176 2650 1216 unius
2660 1177 2829 1230 (Jynacaenae
2843 1177 2946 1219 ditio.

855 1241 941 1270 nem
956 1227 1000 1266 ad
1011 1231 1245 1280 AEquatorem
1256 1227 1360 1280 usque
1370 1229 1555 1269 Provincia
1565 1230 1676 1269 cessit.
1686 1230 1862 1269 Foeminis
1874 1230 1976 1269 lanea
1986 1228 2084 1269 vestis
2098 1229 2145 1269 est
2156 1229 2204 1270 ad
2213 1230 2309 1270 talos
2321 1227 2428 1281 usque
2436 1227 2669 1282 propendens
2684 1244 2693 1267 z
2708 1233 2827 1271 Mares
2843 1232 2945 1272 Indu·
2992 1247 2995 1249 ·

855 1281 986 1322 fiolum
998 1281 1043 1321 ad
1054 1281 1145 1321 suras
1156 1280 1265 1332 usque
1278 1312 1289 1330 ,
1299 1286 1332 1321 ὃς
1347 1282 1429 1322 huic
1448 1280 1685 1334 superjefflm
1698 1282 1886 1335 paniolum
1896 1282 2043 1336 gestant.
2056 1283 2284 1334 Qanquam
2293 1281 2483 1322 vero-idem
2496 1283 2568 1322 fere
2578 1292 2658 1322 tota
2666 1283 2813 1336 regione
2822 1297 2947 1336 corpo.

856 1335 957 1375 ribus
967 1335 1049 1374 vesti
1061 1335 1173 1374 menti
1186 1333 1229 1374 sit
1240 1335 1492 1388 genuszcapitu
1504 1345 1625 1376 tamen
1638 1335 1784 1375 habitus
1795 1336 1941 1375 mirifice
1950 1336 2182 1384 variant‚cu1n
2192 1335 2319 1388 finguli
2328 1348 2402 1396 pro
2408 1334 2540 1396 usitato
2551 1336 2669 1395 patriae
2677 1348 2786 1376 morae
2797 1337 2947 1379 fasciolas

855 1379 1739 1440 tornatilcs‚multi{implices,plurimiversicolores
1753 1399 1964 1441 gerantmec
1975 1387 2046 1429 fere
2060 1388 2126 1427 fint
2136 1389 2326 1440 quiquam,
2337 1399 2456 1441 quieo
2468 1400 2505 1428 m
2514 1398 2674 1441 capitum
2684 1401 2816 1430 ornatu
2834 1391 2946 1432 secun·
3005 1421 3007 1423 -

855 1439 948 1480 dum
968 1440 1124 1492 patrium
1144 1439 1246 1480 usum
1259 1441 1306 1481 ab
1325 1442 1443 1481 alteris
1459 1453 1537 1481 non
1554 1442 1781 1482 vehementer
1793 1440 2004 1494 discrepent.
2036 1441 2346 1482 Admirabilivero
2353 1452 2486 1482 omnes
2494 1441 2635 1482 Natura
2646 1441 2782 1482 indolis
2791 1444 2948 1497 fimplici-

855 1503 932 1533 tate
942 1493 1075 1533 imbuit
1088 1508 1096 1531 ι
1111 1493 1230 1533 adhuc
1247 1494 1381 1533 vetustae
1391 1492 1558 1535 ruditatis
1570 1494 1680 1536 haetes
1687 1526 1699 1545 ‚
1709 1506 1781 1547 qua
1793 1494 1958 1535 ridiculas
1970 1493 2158 1535 nobiscum
2173 1494 2441 1548 negotiationes
2450 1506 2613 1535 exercent
2634 1512 2644 1536 ι
2666 1495 2723 1535 vix
2733 1496 2947 1540 inexhaustas

855 1544 932 1587 suas
942 1546 1026 1585 Auri
1038 1556 1147 1598 atque
1159 1547 1308 1600 Argenti
1318 1549 1441 1587 Gazas
1454 1557 1682 1599 norunt‚atq;
1695 1548 1916 1588 informibus
1925 1560 2054 1587 eorum
2065 1546 2190 1588 massis
2197 1557 2341 1589 tanturn
2354 1557 2735 1601 utuntur,quanquam
2752 1552 2948 1594 Aureoruru

855 1609 963 1652 atque
975 1604 1241 1651 Argenteorum
1250 1601 1511 1641 emblematum
1519 1614 1595 1642 non
1609 1601 1752 1640 minore
1764 1612 1877 1651 quani
1886 1613 1955 1641 nos
1963 1599 2199 1641 delcetatione
2209 1601 2411 1654 capiantur.

928 1651 1015 1690 chila
1027 1655 1194 1713 Regnum
1211 1654 1302 1693 ultra
1317 1654 1516 1707 Tropicum
1529 1654 1745 1707 Capricorni
1767 1654 1873 1693 situm
1893 1654 1941 1693 est
1956 1653 2049 1694 inter
2064 1654 2246 1695 Peruviam
2259 1657 2293 1693 &
2304 1657 2533 1708 Patagonum
2551 1654 2606 1695 Re
2633 1653 2757 1695 ionem
2775 1684 2786 1700 ,
2803 1668 2948 1709 quarum
2985 1636 2986 1639 Ἰ

853 1703 926 1746 haec
934 1705 1124 1748 Meridiern
1136 1737 1149 1758 ,
1158 1705 1219 1748 illa
1227 1708 1379 1749 Boream
1390 1707 1522 1762 spectat
1549 1722 1560 1749 ι
1579 1706 1627 1750 ad
1635 1703 1814 1750 Occasum
1827 1708 1937 1750 habet
1949 1709 2051 1754 Mate
2059 1706 2254 1752 Pacificum
2262 1738 2276 1760 ,
2284 1709 2402 1764 longo
2418 1708 2551 1753 ttaetu.
2623 1720 2737 1751 omen
2747 1708 2886 1751 habeta
2896 1710 2947 1751 fri-

2864 1777 2946 1819 gore
