3244 2368
745 324 854 368 rem
867 325 1033 376 domm·

738 389 906 473 &limina

743 485 850 527 Situs.

743 597 1005 649 Coelitemperia.

744 651 809 688 Soti
844 651 967 689 reditas·

745 704 804 743 vr
825 713 871 744 a·

748 1314 904 1356 Calabra
915 1317 966 1360 ⁴&
973 1330 1033 1355 un-

747 1369 788 1408 de
795 1370 895 1411 dieb.

744 1424 848 1471 Sitia.

745 1476 811 1516 3011·
810 1474 977 1531 finam.

1043 121 1138 160 540
1765 107 2140 155 PVGLINA
2185 105 2463 154 PIANA.

1049 164 1356 211 :Barutmssarleta
1363 164 1495 219 vulg0.'
1515 169 1613 207 Inter
1619 178 1776 219 quatuor
1789 172 1804 209 1
1807 169 1893 209 taliae
1907 168 2060 209 castella
2068 178 2275 210 numeratur
2289 199 2300 217 ,
2311 169 2483 207 offanum
2494 167 2635 221 populo
2646 168 2937 222 frequens,parvo
2946 165 2983 207 in
2992 168 3068 212 colle
3076 173 3108 214 sr-

1049 219 1895 311 eurr-{cl'iuumhcdliffcgliqgtolVenufia‚Vemfium
1906 220 2178 274 Horatio‚cujus
2188 222 2431 276 patria.Venqfie
2438 221 2562 263 hodie.
2573 222 2664 262 Sunt
2671 221 2760 263 item
2773 222 2956 276 Canufium,
2969 222 3110 264 Achaim.

1052 281 1112 317 tus,
1150 286 1161 308 ι
1172 284 1258 310 emm
1316 282 1336 310 a
1353 282 1384 311 ia
1463 282 1475 310 ι
1505 283 1542 311 a.

1132 323 1211 364 Post
1224 324 1361 376 Apuliae
1371 283 1582 375 expsscanda
1594 323 1744 366 succedit
1755 326 2003 365 Salentinorum..
2012 326 2131 380 Regio,
2146 338 2224 379 quae
2234 327 2268 364 &
2283 320 2361 378 Japy
2380 327 2412 365 ia
2424 325 2675 380 maabpiapne
2683 353 2695 369 ,
2706 324 2793 366 item
2806 325 2971 366 thria.
3022 329 3111 370 Nunc

1057 377 1158 420 Italis
1166 376 1212 417 ab
1220 377 1408 430 Hydrunte,
1418 376 1527 414 Terra
1540 376 1875 431 Hydruntina‚vulgo
1885 378 1991 419 Terra
2000 377 2190 419 donanto.
2222 378 2342 417 Habet
2353 339 2426 417 lffaec
2438 379 2555 432 Regio
2564 380 2610 417 ab
2621 377 2773 418 Meridie
2781 379 2976 420 Tarentum
2989 381 3020 417 &
3028 382 3109 423 Mare

1057 428 1166 481 usque
1174 427 1473 475 Promontotium
1485 429 1706 470 Salentinnm
1727 463 1740 482 ,
1755 431 1803 471 ab
1815 429 1965 472 Oriente
1974 430 2072 470 idem
2084 430 2383 471 Promontorium
2400 442 2484 470 cum
2497 432 2588 471 Mari
2599 430 2709 470 Ionio
2728 444 2737 468 :
2759 431 2865 482 quod
2875 430 2984 471 etiam
3000 434 3031 470 8<
3050 433 3110 475 Ha.

1055 481 1206 523 driatico
1218 492 1312 534 ,qua
1322 480 1525 534 Septentrio
1531 480 1579 520 est
1588 512 1601 531 ‚
1609 482 1763 524 adluitur
1772 483 1819 524 ab
1827 482 2017 535 Hydrunte
2027 482 2254 524 Brundisium
2266 480 2311 522 us
2331 495 2373 521 ue
2381 500 2392 530 ;
2401 493 2474 535 qua
2483 482 2722 525 Occidentem
2734 483 2869 535 respicit
2877 483 3054 535 Apuliailli
3062 488 3112 526 ad.

1049 535 1148 586 jacet
1156 533 1316 575 l’eucetia
1328 564 1341 582 ,
1351 545 1434 574 cum
1446 535 1589 587 Magnae
1599 536 1741 580 Graeciae
1759 546 1939 589 portione.
1994 536 2089 578 Tota
2097 535 2168 575 haec
2178 534 2295 588 Regio
2327 534 2543 575 aluberrimo
2555 534 2688 588 gaudet
2700 547 2778 576 aere
2789 567 2799 585 ,
2820 535 2986 576 coelooue
2995 535 3076 577 sudo
3085 543 3110 579 δι

1055 587 1212 631 (intere,
1232 596 1467 639 praeterquam
1484 586 1521 625 in
1530 598 1593 627 ora
1603 598 1703 639 ,quae
1710 588 1758 628 ab
1766 589 1858 631 Lacu
1874 585 2107 640 Hydruntino
2117 586 2342 629 Brundisium
2357 584 2465 638 usque
2478 601 2488 625 ε
2503 587 2565 627 ubi
2577 586 2746 639 plerisque
2761 588 2798 627 in
2811 587 2901 627 locis
2914 588 3013 635 juxta
3032 602 3109 631 mare

1053 639 1135 683 sunt
1146 639 1307 681 Paludes.
1340 639 1459 691 Regio
1467 637 1590 683 fertilis
1600 643 1635 679 &
1646 640 1787 693 optima
1796 659 1807 690 ς
1818 644 1937 693 Caput
1946 639 2189 693 Regionis‚cui
2202 651 2341 679 nomen
2350 652 2371 679 a
2379 639 2410 679 se
2417 638 2568 692 praebuit
2579 641 2907 699 Hyaruntumstgfe
2916 640 3108 684 Strabffltol.

1056 697 1093 734 ἃ
1101 692 1187 734 aliis.
1209 693 1345 747 Hydrus
1357 692 1471 733 Melie.
1485 692 1608 732 Hodie
1615 693 1870 734 OtranmNrbs
1879 692 1927 731 est
1938 691 2164 733 vetustissima
2172 722 2184 741 ‚
2195 692 2291 732 coelo
2303 691 2441 743 potitur
2450 690 2740 732 clementissimo.
2796 696 2919 732 Praeter
2930 695 3068 733 l’ortum
3076 694 3111 736 sa·

1057 747 1105 788 tis
1113 757 1279 799 capacem
1293 776 1305 795 ,
1317 744 1502 797 Aquilone
1512 744 1621 789 flante
1632 756 1708 783 non
1721 745 1800 786 satis
1808 756 1929 788 tutum
1943 774 1953 789 ,
1966 747 2095 786 Arcem
2104 744 2214 784 habet
2224 744 2261 783 in
2273 746 2367 783 Saxo
2379 773 2389 789 ,
2405 755 2484 796 quo
2499 745 2586 784 mari
2597 745 2762 784 imminet
2770 773 2781 789 ,
2793 745 3002 785 tutissimam
3014 759 3023 784 ε
3036 759 3111 800 opus

1057 798 1198 841 Alfonfi
1212 812 1249 838 11
1260 801 1367 850 Ager
1378 797 1424 837 illi
1435 808 1601 836 amoenus
1614 801 1646 836 ἃ
1658 796 1794 838 fertilis.
1825 798 1979 849 Reliquae
1986 796 2064 838 sunt
2079 810 2089 835 ε
2103 797 2263 850 Gallapolis
2278 796 2409 846 ,hodie
2416 796 2681 853 CallipoliazAliis
2689 798 2831 851 Caellrpali
2842 809 3028 848 tamquam
3039 800 3111 839 vrbs

1056 855 1176 906 pulcrae,
1205 848 1489 896 Munitissimum
1500 850 1609 890 habet
1620 859 1743 890 natura
1755 849 1871 894 litum·
1883 851 2041 902 Scopulo
2048 851 2145 890 enim
2154 848 2281 894 insidet
2290 848 2345 890 seu
2358 848 2478 890 Insulae
2486 849 2656 893 modicae,
2668 862 2745 901 quae
2753 850 2843 890 mari
2851 849 3008 902 undique
3024 850 3112 906 cingi-

1060 902 1351 947 tur.Continenti
1360 912 1473 955 ponte
1482 902 1664 941 adhaerens
1676 931 1685 945 ,
1697 903 1783 942 saxis
1793 902 1886 942 fulto
1905 902 2129 955 ingentibus.
2183 900 2339 951 Castrum
2348 902 2482 942 Civitas
2494 902 2756 944 Mercatoribus
2773 900 2939 955 frequens
2954 903 3032 942 Olei
3049 917 3112 944 coe.

1062 957 1200 997 mendi.
1257 955 1470 1007 Brundusium
1481 957 1516 993 ἃ.
1524 953 1727 1005 Brundfium
1737 985 1749 1004 ‚
1760 955 1990 1008 'Breundcfium
2001 953 2290 1006 Ptol.Brmtesmm
2307 955 2429 1007 Steph.
2444 955 2603 993 ‘Barnedis
2614 955 2826 1005 Benjamino
2836 983 2845 999 ,
2865 954 3002 1006 Brendtfi
3008 954 3110 998 hodie.

1063 1014 1191 1050 Aerem
1203 1008 1312 1048 habet
1323 1006 1654 1049 clementissimum.
1680 1011 1809 1049 Portus
1817 1009 1907 1048 olim
1925 1007 1973 1047 illi
1984 1007 2204 1056 incultus,ex
2213 1019 2290 1057 quo
2305 1006 2482 1050 Romanis
2492 1004 2691 1047 tutissimus
2702 1007 2896 1059 quondam
2907 1005 2973 1049 fuit
2985 1008 3019 1047 in
3028 1010 3108 1049 Grae·

1060 1062 1153 1101 ciam
1161 1059 1340 1101 transitus.
1371 1059 1480 1099 Nunc
1492 1061 1644 1111 repletus
1651 1059 1700 1099 est
1715 1076 1723 1098 ι
1737 1059 1831 1100 adeo
1843 1072 1881 1099 ut
1890 1061 1944 1100 vix
1956 1061 2158 1100 triremibus
2166 1072 2229 1112 per
2239 1070 2324 1098 eum
2335 1071 2473 1099 currere
2484 1059 2603 1099 liceat.
2614 1062 2687 1099 Arx
2699 1059 2779 1099 urbi
2789 1058 3033 1101 munitissima.
3044 1061 3108 1100 Oria

1061 1113 1185 1155 civitas
1196 1114 1232 1153 in
1243 1112 1347 1152 Colle
1354 1113 1551 1152 Tarentum
1564 1112 1731 1163 spestans.
1751 1113 1893 1164 Speftat
1904 1125 1984 1152 eam
1997 1111 2115 1152 Arxin
2125 1113 2229 1151 Colle
2239 1109 2353 1152 valida
2361 1114 2521 1150 Aletium
2530 1111 2736 1161 Ptol‚hodie
2748 1114 2838 1163 Leze
2850 1116 2886 1151 &
2895 1114 3003 1150 Leccn'e
3011 1114 3100 1166 vulgo

1060 1167 1325 1207 Salentinorum
1339 1163 1448 1204 hodie
1457 1165 1620 1215 primaria
1628 1164 1796 1204 Concilio
1807 1166 1920 1206 totius
1932 1164 2064 1215 Apuliae
2074 1164 2190 1216 Regio
2199 1193 2209 1208 ‚
2223 1164 2392 1214 Foroque
2410 1175 2584 1216 perpetuo
2597 1178 2606 1202 :
2621 1167 2811 1204 Procerum
2830 1165 2944 1204 totius
2955 1163 3100 1214 hujustra

1059 1221 1139 1261 &us
1159 1216 1688 1271 Domicilium,1uu1torumque
1697 1217 1889 1264 Nobilium
1898 1219 2020 1262 Sedes.
2048 1220 2225 1257 vxentum
2234 1215 2344 1259 hodie
2351 1216 2469 1269 vstnto
2478 1247 2490 1269 ‚
2499 1218 2613 1272 Vgemi
2624 1245 2636 1266 ,
2653 1217 2948 1271 Ogeneo‚variante
2956 1215 3108 1270 scripturaz

1063 1269 1502 1372 nug‘fflrrfssiffgm'is
1512 1353 1525 1372 ‚
1534 1333 1631 1381 quos
1643 1322 1785 1375 Magnae
1795 1321 1937 1363 Graeciae
1982 1331 2094 1380 artem
2108 1320 2298 1365 salentinis
2311 1318 2546 1361 adhaerentem
2561 1321 2607 1361 ad
2617 1322 2765 1361 Ionium
2784 1324 2922 1373 AEquor
2940 1320 3024 1361 circa
3034 1325 3099 1375 Iapy

1059 1377 1159 1431 gium
1170 1376 1471 1417 Promontorium
1487 1375 1630 1415 tenuiffe
1640 1388 1704 1423 ,ex
1718 1375 1910 1419 Ptolemaeo
1919 1375 1953 1413 ei
1975 1373 2201 1419 mansellum
2212 1404 2224 1424 ‚
2237 1386 2374 1415 nomen
2385 1373 2508 1419 habet.
2539 1373 2659 1428 Regio
2672 1373 2775 1417 Italiae
2788 1375 2824 1414 in
2833 1373 2998 1415 extremis
3013 1375 3098 1423 ejusfi

1059 1426 1419 1479 nibusinstarlinguae
1428 1429 1591 1483 porrecta
1609 1427 1700 1468 inter
1712 1437 1906 1480 utrumque
1917 1427 2045 1467 fretum
2068 1425 2223 1467 inferum
2235 1426 2398 1480 superum
2428 1424 2675 1474 ueinterjacet.
2710 1429 2789 1467 l⁴ert
2801 1427 2961 1466 ubertate
2979 1427 3079 1476 quatla

1057 1482 1295 1535 felicitateque
1312 1480 1481 1532 stupenda
1494 1512 1504 1530 ,
1528 1479 1710 1532 quidquid
1729 1481 1817 1521 Vitae
1837 1492 1880 1519 ex
1900 1491 1989 1520 voto
2008 1479 2238 1532 tranfigendae
2258 1511 2270 1529 ,
2286 1478 2399 1519 delicii
2413 1491 2484 1531 que
2500 1477 2662 1519 fruendis
2682 1478 2903 1520 neceffatium
2921 1492 2931 1516 ε
2954 1478 3071 1519 Triticu
3099 1503 3101 1508 ,

1058 1535 1251 1575 Hordeum
1275 1533 1410 1586 aliaque
1431 1532 1614 1578 Frumenti
1633 1544 1760 1586 genera
1776 1548 1785 1572 ε
1803 1533 1937 1576 Vinum
1958 1532 2093 1573 varium
2107 1563 2117 1580 ‚
2135 1533 2272 1573 Oleum
2284 1563 2296 1581 ‚
2314 1534 2499 1572 Saccarum
2514 1563 2524 1580 ,
2543 1535 2680 1572 Manna
2691 1563 2702 1580 ,
2722 1534 2795 1571 Mel
2808 1561 2817 1576 .
2838 1533 2968 1571 Ceram
2980 1533 3045 1581 ,Sal
3061 1544 3094 1573 na

1058 1589 1170 1628 tivum
1180 1586 1461 1640 Fafiitiumque,
1478 1587 1598 1634 Ficus,
1620 1590 1731 1627 l’oma
1751 1586 1890 1627 Medica
1903 1589 1937 1631 84
1949 1586 2061 1626 Citria
2073 1617 2084 1635 ,
2103 1582 2435 1636 Limonesaliosque
2449 1582 2584 1624 fruetus
2604 1584 2849 1624 nobilissimos
2864 1599 2874 1623 t
2889 1584 2975 1624 item
2984 1588 3095 1625 Aurum

1058 1644 1260 1693 Argentum
1272 1667 1282 1683 ‚
1308 1640 1437 1679 Lanam
1448 1669 1458 1683 ,
1478 1638 1693 1691 Goffypium
1704 1668 1714 1683 .
1734 1639 1894 1679 Crocum
1905 1639 2105 1688 ,Sericum,
2116 1638 2245 1678 Linum
2258 1669 2269 1687 ,
2280 1641 2314 1676 &
2325 1636 2413 1690 quid
2426 1648 2501 1676 non
2516 1635 2692 1675 matabna
2712 1636 2867 1690 duplex,
2878 1637 3010 1690 Ingerior
3024 1669 3034 1686 ,
3048 1649 3085 1690 qu

1058 1694 1264 1733 Brutiorum
1274 1691 1365 1732 olim
1373 1693 1481 1733 Sedes
1492 1724 1504 1742 ,
1514 1692 1623 1731 hodie
1630 1692 1773 1744 proprie
1782 1692 1950 1733 Calabria.
1968 1693 2099 1738 Interior
2111 1705 2120 1728 :
2135 1694 2170 1730 &
2182 1693 2324 1742 Superior
2334 1719 2345 1734 ,
2358 1702 2436 1741 quae
2444 1688 2535 1728 olim
2548 1691 2681 1744 Magna
2691 1692 2827 1730 Graia.
2881 1689 3030 1740 Irfferioris
3039 1688 3092 1729 fin·

1055 1745 1108 1789 eb
1127 1745 1264 1789 Occasu
1285 1745 1377 1787 Laus
1388 1776 1400 1796 ,
1418 1747 1579 1797 itemque
1598 1745 1731 1787 Lucani
1751 1759 1762 1786 ε
1780 1743 1962 1791 aMeridie
1982 1746 2083 1793 Mate
2097 1743 2321 1802 Tyrrhenum
2334 1746 2368 1784 ἃ
2388 1742 2543 1789 Siculum
2564 1756 2575 1782 z
2591 1754 2664 1796 qua
2673 1741 2809 1787 Oriens
2822 1742 2870 1785 est
2886 1774 2900 1796 ‚
2915 1743 3090 1839 pfflteirffii
