3180 2368
655 1717 782 1765 vrbaei

937 175 1024 232 64⁸
1654 177 1963 227 ZEILAN
2014 176 2348 225 INSVLA.

937 237 1007 280 Sed
1017 238 1190 292 quoniam
1197 239 1237 279 in
1244 238 1530 292 Elephantorum
1542 239 1769 282 mentionem
1776 240 1972 282 incidimus
1984 267 1994 283 ,
2006 252 2085 280 non
2094 241 2159 280 abs
2169 262 2181 280 t
2191 253 2204 280 ,-
2213 239 2321 280 visum
2331 239 2376 278 de
2388 237 2460 278 hoc
2473 238 2630 281 Animali
2642 252 2755 295 pauca
2765 240 2785 281 s
2781 241 3022 292 ubjicere,Ele-

938 292 1114 346 phantem
1126 303 1257 333 vocant
1266 293 1402 333 Arabes
1411 294 1480 336 Ful,
1489 304 1528 333 ac
1537 290 1684 332 dentem
1692 293 1902 346 ejusCenafil
1909 321 1920 337 ,
1935 293 2125 345 AEthiopes
2135 292 2272 333 Irembo.
2288 292 2431 332 Animal
2449 291 2634 344 disciplinae
2643 306 2752 344 capax
2763 294 2810 333 est
2826 326 2836 343 ‚
2856 299 3023 338 &natura

940 345 1030 385 mite
1041 345 1278 386 &traciabilm
1305 344 1437 385 Inceffu
1446 344 1591 385 tardum
1603 345 1739 386 videtur
1755 376 1768 395 ,
1790 359 1872 386 cum
1881 357 2007 385 tamen
2019 357 2064 385 ne
2079 346 2131 384 vel
2140 345 2325 397 expeditus
2345 344 2520 396 quispiam
2532 345 2648 386 cursus
2659 347 2737 397 ejus
2756 347 2923 387 incessum
2937 346 3024 386 adae-

964 402 1054 438 'uare
1062 408 1169 451 queat
1195 399 1375 449 Repertos
1384 397 1531 438 subinde
1543 398 1764 450 Elephantos
1773 399 1915 450 aliquos
1924 398 2119 449 ferunr‚qui
2131 401 2242 437 noctu
2259 409 2342 436 cum
2352 396 2499 449 suspiriis
2510 401 2544 436 &
2556 397 2745 450 lachrymis
2756 399 2920 451 iniquam
2932 399 3028 440 suam

939 409 967 490 ἲ]
986 462 1077 491 rtem
1086 451 1270 502 deplorare
1282 449 1504 492 videbantur.
1534 451 1670 491 Vivunt
1679 462 1798 491 annos
1805 450 2129 504 ducentos.Magni
2139 450 2319 490 illidentes
2331 461 2408 488 non
2422 449 2484 488 nisi
2493 462 2535 489 ex
2547 451 2755 503 Elephantis
2767 452 2925 491 maribus
2935 451 3025 494 sunt:

945 503 1105 543 Femellae
1113 502 1211 542 enim
1224 501 1461 544 breviusculos
1470 503 1613 543 habent.
1640 503 1784 543 Animal
1794 504 1842 544 est
1856 503 1946 543 mire
1957 504 2167 555 zelotypum
2179 533 2190 551 ,
2201 513 2311 553 atque
2320 501 2415 542 adeo
2426 513 2495 553 pra:
2502 502 2611 542 nimia
2623 504 2802 555 zelotypia
2821 505 2858 543 in
2870 503 3027 544 furorem

945 553 1097 596 subinde
1103 565 1246 595 tantum
1257 555 1447 608 rapitur,ut
1455 559 1489 594 δι
1500 555 1638 608 pastum
1650 560 1684 595 δι
1695 555 1865 595 s'omnum
1876 554 2043 595 fastidiat.
2063 556 2340 595 Memorabilem
2350 554 2544 594 Historiam
2555 554 2658 594 refert
2667 556 2712 594 de
2722 556 2915 607 Elephante
2922 555 3025 597 Chri-

946 607 1001 647 sto
1006 608 1143 660 phorus
1151 607 1281 648 Acosta
1292 638 1304 658 ‚
1313 619 1423 660 quam
1434 607 1505 649 hoc
1512 609 1599 648 loco
1605 609 1686 648 Iusti
1697 608 1801 660 Lipsii
1810 610 1906 649 V.C.
1916 608 2033 648 verbis
2044 606 2249 648 inseremus.
2275 605 2578 659 Elephanncmdam
2588 611 2620 644 in
2630 608 2706 646 urbe
2719 608 2836 658 Cochin
2845 609 2890 647 ad
2898 608 3028 648 horam..

944 659 1035 699 cibus
1042 673 1102 700 non
1112 671 1179 698 erat
1191 660 1314 700 oblatus
1320 688 1331 700 .
1360 658 1521 722 ,ρει-ζήτω
1529 665 1574 704 &⁴
1584 660 1901 715 barrit.e)1{agister
1911 662 2051 714 excuſsae,
2060 664 2104 703 οἳ
2113 673 2174 699 vas
2181 672 2294 698 aeneum
2305 662 2371 707 cjus
2381 659 2536 698 czbartum
2544 661 2683 699 ostendit
2692 661 2842 712 perfluens
2853 689 2864 704 ‚
2875 661 3029 713 caufficm..

946 710 1030 751 hanc
1036 726 1126 751 morae
1136 711 1190 764 ff
1201 744 1212 763 ,
1221 727 1281 751 non
1287 712 1404 766 poffifi
1413 727 1447 751 m
1458 714 1614 766 pertusiam
1625 726 1686 752 vas
1697 712 1806 752 cibum
1824 713 1942 754 indere.
1992 707 2087 765 Jubet
2092 714 2192 767 igitm
2203 713 2307 764 ,βψ
2317 712 2396 750 velut
2408 742 2418 761 ,
2429 712 2473 750 ad
2483 711 2627 753 Fabrum
2633 715 2864 760 aerarr'umserat
2875 716 3029 752 reconcin-

947 765 1104 806 nandum.
1134 766 1192 803 Ille
1220 766 1501 818 aret.Promufisde
1509 767 1625 817 affert,
1635 769 1667 804 F
1666 766 1743 805 abro
1751 765 1854 817 effert.
1860 767 1961 805 Faber
1960 766 2036 819 sive
2041 776 2096 819 per
2103 766 2181 820 neglt
2202 769 2319 804 entiam
2333 764 2415 816 ,sive
2424 764 2510 804 ludos
2522 766 2779 816 belluamfhciens
2792 797 2802 815 ‚
2813 766 2973 818 infideliter
2981 781 3030 805 re-

946 828 1036 872 parat
1047 830 1141 872 atque
1148 819 1188 857 ob
1218 818 1433 872 ipat.Elephas
1443 819 1661 869 effernHeruo·
1667 821 1789 858 vitium
1797 818 1944 865 videm·
1955 818 2153 872 indignatur.
2170 779 2429 856 ficlamatillum
2439 816 2691 869 absentem‚hunc
2698 819 2869 871 praesentem
2882 850 2892 867 ‚
2902 820 3031 872 denique

951 872 1054 910 redire
1053 870 1144 920 jubet
1155 885 1250 911 cum.»
1266 872 1314 910 illo
1322 873 1378 925 ipfir
1384 871 1469 920 vale.
1524 875 1620 911 Facit
1631 876 1695 921 ,ὠ
1705 871 1812 911 Fabro
1828 872 1974 924 querulus
1986 871 2202 926 impingieJlle
2212 868 2419 922 homoficavbs
2431 873 2546 908 iterum
2557 875 2711 923 imponere
2721 883 2862 919 conatur,
2871 877 2913 915 ὠ
2924 873 3033 911 admo.

950 935 984 964 το
993 925 1104 962 malleo
1109 925 1250 963 claudere
1258 924 1504 977 rimnmfimulat
1513 954 1526 975 ,
1535 938 1619 964 non„
1628 924 1760 965 claudit.
1790 927 1877 978 Φζςι·
1882 937 1989 964 tamen
1999 926 2141 977 imponit.
2163 925 2271 976 Qum
2280 924 2330 962 ille
2341 935 2428 961 catus
2438 921 2567 960 lebetem
2578 926 2676 976 rufum
2697 936 2767 961 tum
2783 924 2827 962 ad
2835 925 2967 963 Flumen
2977 926 3032 963 de-

941 976 1014 1028 fert
1025 1007 1036 1026 ,
1046 980 1204 1032 immergit
1216 1007 1227 1026 ,
1238 982 1281 1021 &-
1291 991 1373 1030 aqua
1380 978 1484 1031 implet
1495 1009 1506 1027 ‚
1514 978 1640 1031 periculi
1645 977 1791 1026 facienda
1798 979 1911 1028 caussa.
1944 977 2041 1018 Videt
2047 977 2178 1030 effluere.
2189 978 2314 1015 ‘Plenus
2322 978 2429 1029 itaque
2434 978 2556 1014 irarum
2568 979 2613 1014 ad
2621 980 2652 1013 F
2651 991 2671 1014 a
2694 991 2766 1015 rum
2781 989 2911 1015 recurrit
2929 1008 2941 1027 ,
2956 980 3035 1016 into.

952 1040 1030 1069 nat.
1046 1043 1160 1084 magna
1175 1043 1266 1070 voce.
1277 1029 1447 1082 Corfiuunt
1455 1032 1554 1069 vicini
1564 1061 1575 1080 ‚
1592 1033 1726 1075 &inter
1732 1043 1781 1069 eos
1791 1034 1933 1070 Vivarius
2014 1031 2055 1070 ia.
2092 1029 2197 1069 Faber
2206 1028 2329 1068 blandis
2343 1029 2452 1067 verbis
2462 1028 2616 1068 demulcet
2631 1029 2788 1067 belluam
2804 1045 2818 1067 :
2837 1043 2897 1068 vu
2907 1030 3035 1085 denique

942 1081 1049 1136 fismit
1059 1114 1070 1133 ,
1080 1083 1250 1144 &rfiugit
1258 1082 1351 1136 probe
1370 1082 1463 1190 aqu
1473 1096 1516 1122 ex
1513 1083 1600 1136 fide.
1659 1084 1726 1123 Sed
1730 1084 1779 1122 ille
1787 1095 1903 1123 netum
1913 1032 2043 1138 qffifm
2050 1083 2161 1130 fidens
2170 1113 2182 1132 ,
2198 1085 2315 1120 iterum
2322 1082 2369 1120 ad
2376 1082 2534 1122 flamm,
2545 1088 2587 1125 &-
2597 1082 2645 1121 ad
2657 1081 2808 1131 haustum
2824 1098 2834 1123 z
2848 1083 2926 1121 dum
2934 1096 3033 1121 contr.

953 1138 1021 1174 neri
1030 1148 1148 1188 aquam
1155 1136 1247 1175 vadet
1261 1167 1272 1185 ,
1288 1139 1385 1175 vertit
1405 1150 1420 1173 e
1427 1136 1472 1175 ad
1477 1137 1641 1175 adstantes
1652 1165 1662 1182 ‚
1674 1141 1718 1180 ό·
1729 1136 1861 1188 ostenda
1870 1166 1879 1182 ,
1897 1136 1985 1175 velut
1995 1136 2093 1175 testes
2098 1149 2150 1174 ees
2158 1136 2317 1174 advocans
2331 1136 2365 1173 in
2375 1133 2578 1186 hocfhflunu
2592 1137 2657 1173 :ita
2668 1135 2800 1174 demum
2810 1136 2878 1174 abit
2892 1136 3034 1178 domum.

953 1189 1039 1228 Haec
1049 1188 1150 1228 libuit
1157 1188 1232 1229 hoc
1241 1189 1326 1228 loco
1335 1187 1535 1229 interserere
1545 1218 1557 1233 ‚
1570 1199 1610 1230 ut
1628 1189 1791 1230 lefflonis
1801 1188 1978 1230 fastidium
1990 1199 2100 1241 atque
2110 1186 2248 1228 satietas
2261 1188 2428 1228 nonnihil
2443 1188 2625 1228 levaretur.
2644 1188 2773 1228 Avium
2784 1198 2946 1242 praeterea
2957 1202 3037 1229 om.

953 1240 1014 1281 nis
1030 1241 1167 1293 generis
1175 1269 1185 1285 ,
1196 1244 1379 1281 Pavonum
1393 1272 1405 1291 ‚
1416 1243 1645 1283 Gallinarum
1656 1271 1667 1286 ,
1675 1243 1942 1283 Columbarum
1952 1245 2024 1282 διε.
2036 1243 2164 1294 ingens
2173 1242 2294 1294 copia.
2313 1245 2416 1283 Vnus
2427 1240 2484 1280 hic
2496 1241 2574 1280 Rex
2584 1241 2675 1282 olim
2687 1242 2888 1294 imperabat
2903 1257 2913 1281 ε
2926 1241 2957 1282 is
2968 1254 3034 1295 po-

954 1292 1026 1333 ssea
1042 1293 1131 1335 dolo
1147 1294 1302 1335 sublatus
1313 1294 1380 1335 fuir
1392 1325 1402 1343 ‚
1410 1295 1523 1336 diviso
1532 1296 1625 1336 inter
1636 1296 1776 1336 multos
1784 1296 1963 1348 Principes
1974 1295 2144 1348 Imperio.
2172 1296 2336 1347 Suntque
2345 1306 2440 1334 nunc
2452 1294 2568 1348 Reges
2580 1293 2734 1335 Insulani
2745 1297 3037 1336 novem.Horum

951 1345 1226 1398 potentissimus
1237 1346 1285 1387 est
1295 1346 1461 1400 [olmuchi
1471 1380 1481 1398 ,
1495 1347 1554 1388 cui
1566 1348 1670 1388 ceteri
1683 1348 1860 1389 tributum
1878 1347 2042 1401 pendunt
2054 1360 2215 1388 annuum
2231 1365 2240 1389 :
2254 1348 2291 1387 hi
2309 1346 2389 1387 sunt
2410 1348 2528 1399 Reges
2540 1342 2740 1400 Janastzpiean
2756 1379 2767 1397 ‚
2779 1348 3036 1399 Triquinamale,

950 1399 1292 1451 Datecolonffillaffem
1301 1430 1311 1445 ‚
1335 1402 1511 1440 Tananaca
1523 1432 1534 1449 ‚
1545 1402 1761 1455 L›„·uta,qalte
1771 1405 1805 1441 &
1815 1401 1938 1441 Canale.
1972 1401 2094 1441 Refert
2105 1404 2264 1441 Ioannes
2276 1401 2392 1454 Hugo
2406 1398 2637 1440 Linscotanus
2650 1401 2687 1440 in
2698 1400 2953 1441 suoitinerario
2961 1413 3037 1454 cap.

950 1463 979 1493 x
988 1463 999 1490 ι
1008 1466 1031 1491 v
1051 1452 1271 1505 Chirurgum
1281 1454 1476 1505 quemdam
1490 1455 1705 1506 praecipuum
1713 1454 1735 1496 ὲ
1746 1455 1906 1508 Regibus
1918 1454 1939 1496 ὲ
1952 1454 2076 1494 medio
2088 1452 2398 1506 sustulisse,fibique
2408 1452 2604 1505 Imperium
2614 1452 2835 1505 adscripsisse,
2846 1453 2953 1505 pulsis
2961 1454 3035 1496 insi-

948 1505 1015 1558 gni
1032 1507 1219 1559 tyrannide
1237 1506 1373 1547 cereris.
1402 1508 1509 1547 Hunc
1525 1507 1746 1560 Chirurgum
1758 1508 1876 1561 Regni
1894 1505 2081 1560 potentem
2092 1508 2183 1558 Qiu
2198 1505 2390 1559 appellari,
2400 1505 2589 1558 prudentia
2599 1509 2635 1545 δι
2654 1507 2803 1559 ingenio
2841 1508 2967 1553 ollere,
2977 1507 3036 1548 rei-

949 1569 1022 1610 que
1033 1558 1160 1599 bellicae
1174 1558 1269 1598 haud
1290 1559 1516 1600 rudem‘effee
1539 1572 1658 1600 vetum
1672 1561 1808 1601 nemini
1827 1560 2019 1601 fidentem.
2074 1560 2243 1611 Cingales
2261 1558 2365 1609 huic,
2379 1558 2512 1599 eodem
2524 1558 2697 1600 referente
2710 1589 2721 1608 ,
2738 1559 2809 1599 infe
2841 1559 2851 1599 i
2866 1560 2943 1600 sunt
2960 1572 3035 1601 tan·

950 1620 1098 1663 tamque
1110 1612 1338 1666 tyrannidem
1350 1612 1509 1652 oderunt
1521 1644 1532 1661 ,
1545 1613 1649 1665 pressi
1658 1613 1802 1653 interim
1814 1624 1913 1654 metu
1923 1612 1971 1653 ad
1979 1612 2193 1653 obedientiae
2202 1611 2404 1653 ministeria.
2438 1611 2540 1652 Idem
2550 1610 2664 1652 hostis
2679 1611 2929 1653 Lusitanorum
2947 1625 3036 1654 acer-

953 1662 1120 1706 bissimus
1132 1695 1142 1711 ‚
1165 1678 1211 1705 eo
1222 1676 1322 1705 anno
1333 1665 1396 1721 qui
1409 1665 1587 1707 discessum
1603 1666 1687 1707 dieti
1704 1666 1878 1721 Hugonis
1890 1665 2126 1718 praecesl‘erat';
2137 1677 2181 1705 ex
2202 1666 2320 1715 India,
2335 1667 2468 1706 Arcem
2486 1663 2645 1705 cottambo
2665 1663 2857 1706 obsidione
2873 1666 3036 1719 cinxerat,

945 1715 1013 1762 sed
1020 1717 1123 1763 irrito
1132 1728 1267 1762 conatu
1278 1749 1293 1772 ‚
1307 1719 1441 1771 auxilio
1449 1731 1471 1762 a
1482 1719 1654 1762 Lusitanis
1667 1720 1794 1772 allato„
1847 1722 1892 1762 In
1904 1719 1971 1762 hac
1982 1716 2099 1762 Insula
2117 1733 2140 1762 v
2150 1731 2166 1759 1
2177 1730 2192 1759 1
2209 1717 2290 1760 sunt
2303 1717 2438 1764 Vrbes,
2450 1729 2605 1773 quarum
2624 1717 2795 1773 primaria
2803 1717 2852 1760 est
2862 1720 3034 1765 cataractas,

2974 1775 3036 1819 Hie
