<?xml version="1.0" encoding="UTF-8"?>
<!DOCTYPE html PUBLIC "-//W3C//DTD XHTML 1.0 Transitional//EN"
    "http://www.w3.org/TR/xhtml1/DTD/xhtml1-transitional.dtd">
<html xmlns="http://www.w3.org/1999/xhtml" xml:lang="en" lang="en">
 <head>
  <title>
</title>
<meta http-equiv="Content-Type" content="text/html;charset=utf-8" />
  <meta name='ocr-system' content='tesseract 3.04.00' />
  <meta name='ocr-capabilities' content='ocr_page ocr_carea ocr_par ocr_line ocrx_word'/>
</head>
<body>
  <div class='ocr_page' id='page_1' title='image "./cihm_18267/cihm_18267_0640.png"; bbox 0 0 3220 2336; ppageno 0'>
   <div class='ocr_carea' id='block_1_1' title="bbox 0 0 3220 235">
    <p class='ocr_par' dir='ltr' id='par_1_1' title="bbox 0 0 3220 235">
     <span class='ocr_line' id='line_1_1' title="bbox 0 0 3220 235; baseline 0 -36"><span class='ocrx_word' id='word_1_1' title='bbox 0 0 3220 235; x_wconf 95' lang='lat' dir='ltr'>   </span> 
     </span>
    </p>
   </div>
   <div class='ocr_carea' id='block_1_2' title="bbox 631 226 879 321">
    <p class='ocr_par' dir='ltr' id='par_1_2' title="bbox 631 226 879 321">
     <span class='ocr_line' id='line_1_2' title="bbox 631 226 879 281; baseline -0.004 -11"><span class='ocrx_word' id='word_1_2' title='bbox 631 226 733 281; x_wconf 63' lang='lat' dir='ltr'>SRegt‘o</span> <span class='ocrx_word' id='word_1_3' title='bbox 745 228 789 271; x_wconf 57' lang='grc' dir='ltr'><em>ὠ</em></span> <span class='ocrx_word' id='word_1_4' title='bbox 797 228 879 270; x_wconf 82' lang='lat' dir='ltr'>unde</span> 
     </span>
     <span class='ocr_line' id='line_1_3' title="bbox 632 282 735 321; baseline 0.01 -1"><span class='ocrx_word' id='word_1_5' title='bbox 632 282 718 320; x_wconf 66' lang='lat' dir='ltr'>decla</span> <span class='ocrx_word' id='word_1_6' title='bbox 724 309 735 321; x_wconf 83' lang='grc'><strong>.</strong></span> 
     </span>
    </p>
   </div>
   <div class='ocr_carea' id='block_1_3' title="bbox 633 512 738 557">
    <p class='ocr_par' dir='ltr' id='par_1_3' title="bbox 633 512 738 557">
     <span class='ocr_line' id='line_1_4' title="bbox 633 512 738 557; baseline 0 -9"><span class='ocrx_word' id='word_1_7' title='bbox 633 512 738 557; x_wconf 72' lang='lat' dir='ltr'>sitm,</span> 
     </span>
    </p>
   </div>
   <div class='ocr_carea' id='block_1_4' title="bbox 633 868 899 971">
    <p class='ocr_par' dir='ltr' id='par_1_4' title="bbox 633 868 899 971">
     <span class='ocr_line' id='line_1_5' title="bbox 633 868 899 921; baseline 0 -13"><span class='ocrx_word' id='word_1_8' title='bbox 633 868 736 908; x_wconf 74' lang='lat' dir='ltr'>&#39;Aeris</span> <span class='ocrx_word' id='word_1_9' title='bbox 747 868 899 921; x_wconf 75' lang='lat' dir='ltr'>qualitas.</span> 
     </span>
     <span class='ocr_line' id='line_1_6' title="bbox 634 923 871 971; baseline 0.008 -10"><span class='ocrx_word' id='word_1_10' title='bbox 634 923 871 971; x_wconf 62' lang='lat' dir='ltr'>soliferrilstus.</span> 
     </span>
    </p>
   </div>
   <div class='ocr_carea' id='block_1_5' title="bbox 3196 0 3220 46">
    <p class='ocr_par' dir='ltr' id='par_1_5' title="bbox 3196 0 3220 46">
     <span class='ocr_line' id='line_1_7' title="bbox 3196 0 3220 46; baseline 0 2290"><span class='ocrx_word' id='word_1_11' title='bbox 3196 0 3220 46; x_wconf 95' lang='lat' dir='ltr'> </span> 
     </span>
    </p>
   </div>
   <div class='ocr_carea' id='block_1_6' title="bbox 0 82 3220 308">
    <p class='ocr_par' dir='ltr' id='par_1_6' title="bbox 0 82 3220 308">
     <span class='ocr_line' id='line_1_8' title="bbox 0 82 3220 308; baseline 0 -73"><span class='ocrx_word' id='word_1_12' title='bbox 0 235 472 308; x_wconf 95' lang='lat' dir='ltr'> </span> <span class='ocrx_word' id='word_1_13' title='bbox 3066 82 3220 235; x_wconf 95' lang='lat' dir='ltr'> </span> 
     </span>
    </p>
   </div>
   <div class='ocr_carea' id='block_1_7' title="bbox 940 120 2226 201">
    <p class='ocr_par' dir='ltr' id='par_1_7' title="bbox 940 120 2226 201">
     <span class='ocr_line' id='line_1_9' title="bbox 940 120 2226 201; baseline -0.004 0"><span class='ocrx_word' id='word_1_14' title='bbox 940 163 1022 201; x_wconf 71' lang='grc' dir='ltr'>σω</span> <span class='ocrx_word' id='word_1_15' title='bbox 1776 122 1967 197; x_wconf 71' lang='lat' dir='ltr'>Terra</span> <span class='ocrx_word' id='word_1_16' title='bbox 1989 120 2226 197; x_wconf 62' lang='lat' dir='ltr'>Samira.⁷</span> 
     </span>
    </p>
   </div>
   <div class='ocr_carea' id='block_1_8' title="bbox 935 219 3220 1276">
    <p class='ocr_par' dir='ltr' id='par_1_8' title="bbox 1065 219 3015 277">
     <span class='ocr_line' id='line_1_10' title="bbox 1065 219 3015 277; baseline -0.002 -9"><span class='ocrx_word' id='word_1_17' title='bbox 1065 226 1101 268; x_wconf 83' lang='lat' dir='ltr'>R</span> <span class='ocrx_word' id='word_1_18' title='bbox 1116 238 1142 265; x_wconf 92' lang='lat' dir='ltr'>o</span> <span class='ocrx_word' id='word_1_19' title='bbox 1155 236 1180 265; x_wconf 84' lang='lat' dir='ltr'>v</span> <span class='ocrx_word' id='word_1_20' title='bbox 1194 235 1211 264; x_wconf 84' lang='lat' dir='ltr'>r</span> <span class='ocrx_word' id='word_1_21' title='bbox 1225 227 1252 263; x_wconf 67' lang='grc' dir='ltr'>’κ</span> <span class='ocrx_word' id='word_1_22' title='bbox 1264 236 1288 263; x_wconf 90' lang='lat' dir='ltr'>c</span> <span class='ocrx_word' id='word_1_23' title='bbox 1302 227 1320 262; x_wconf 74' lang='lat' dir='ltr'>r</span> <span class='ocrx_word' id='word_1_24' title='bbox 1338 232 1365 262; x_wconf 69' lang='lat' dir='ltr'>A</span> <span class='ocrx_word' id='word_1_25' title='bbox 1390 221 1465 264; x_wconf 80' lang='lat' dir='ltr'>haee</span> <span class='ocrx_word' id='word_1_26' title='bbox 1477 220 1580 275; x_wconf 72' lang='lat' dir='ltr'>‘SyrIae</span> <span class='ocrx_word' id='word_1_27' title='bbox 1589 221 1700 275; x_wconf 80' lang='lat' dir='ltr'>longe</span> <span class='ocrx_word' id='word_1_28' title='bbox 1710 221 1939 263; x_wconf 88' lang='lat' dir='ltr'>celeberrima</span> <span class='ocrx_word' id='word_1_29' title='bbox 1949 222 2040 261; x_wconf 90' lang='lat' dir='ltr'>olim</span> <span class='ocrx_word' id='word_1_30' title='bbox 2050 222 2157 262; x_wconf 79' lang='lat' dir='ltr'>Terra</span> <span class='ocrx_word' id='word_1_31' title='bbox 2163 219 2341 259; x_wconf 63' lang='lat' dir='ltr'>chanaam</span> <span class='ocrx_word' id='word_1_32' title='bbox 2355 219 2453 262; x_wconf 57' lang='lat' dir='ltr'>dida</span> <span class='ocrx_word' id='word_1_33' title='bbox 2472 219 2538 262; x_wconf 86' lang='lat' dir='ltr'>fuit</span> <span class='ocrx_word' id='word_1_34' title='bbox 2549 251 2562 271; x_wconf 90' lang='lat'><em>‚</em></span> <span class='ocrx_word' id='word_1_35' title='bbox 2580 219 2789 263; x_wconf 75' lang='lat' dir='ltr'>achanaean..</span> <span class='ocrx_word' id='word_1_36' title='bbox 2799 219 2877 263; x_wconf 75' lang='lat' dir='ltr'>fillo</span> <span class='ocrx_word' id='word_1_37' title='bbox 2886 221 3015 277; x_wconf 81' lang='lat' dir='ltr'>Cham,</span> 
     </span>
    </p>

    <p class='ocr_par' dir='ltr' id='par_1_9' title="bbox 935 272 3220 1276">
     <span class='ocr_line' id='line_1_11' title="bbox 1067 272 3015 331; baseline -0.004 -12"><span class='ocrx_word' id='word_1_38' title='bbox 1067 280 1133 331; x_wconf 90' lang='lat' dir='ltr'>qui</span> <span class='ocrx_word' id='word_1_39' title='bbox 1145 274 1354 318; x_wconf 87' lang='lat' dir='ltr'>communis</span> <span class='ocrx_word' id='word_1_40' title='bbox 1364 272 1578 315; x_wconf 77' lang='lat' dir='ltr'>discessionis</span> <span class='ocrx_word' id='word_1_41' title='bbox 1585 274 1787 316; x_wconf 83' lang='lat' dir='ltr'>necessitate</span> <span class='ocrx_word' id='word_1_42' title='bbox 1798 273 1917 328; x_wconf 88' lang='lat' dir='ltr'>pulsus</span> <span class='ocrx_word' id='word_1_43' title='bbox 1928 285 2010 314; x_wconf 87' lang='lat' dir='ltr'>eam</span> <span class='ocrx_word' id='word_1_44' title='bbox 2021 275 2135 315; x_wconf 85' lang='lat' dir='ltr'>tenuit</span> <span class='ocrx_word' id='word_1_45' title='bbox 2153 288 2164 313; x_wconf 87' lang='lat'>:</span> <span class='ocrx_word' id='word_1_46' title='bbox 2183 274 2290 312; x_wconf 82' lang='lat' dir='ltr'>Terra</span> <span class='ocrx_word' id='word_1_47' title='bbox 2303 272 2390 313; x_wconf 88' lang='lat' dir='ltr'>item</span> <span class='ocrx_word' id='word_1_48' title='bbox 2397 276 2559 326; x_wconf 58' lang='lat' dir='ltr'>‘Promissa</span> <span class='ocrx_word' id='word_1_49' title='bbox 2571 273 2641 314; x_wconf 87' lang='lat' dir='ltr'>five</span> <span class='ocrx_word' id='word_1_50' title='bbox 2650 274 2869 330; x_wconf 70' lang='lat' dir='ltr'>‘Promrffionis</span> <span class='ocrx_word' id='word_1_51' title='bbox 2890 305 2903 325; x_wconf 83' lang='lat'>,</span> <span class='ocrx_word' id='word_1_52' title='bbox 2915 279 3015 329; x_wconf 70' lang='lat' dir='ltr'>quod</span> 
     </span>
     <span class='ocr_line' id='line_1_12' title="bbox 1069 323 3017 383; baseline -0.001 -12"><span class='ocrx_word' id='word_1_53' title='bbox 1069 330 1232 371; x_wconf 85' lang='lat' dir='ltr'>Patribus</span> <span class='ocrx_word' id='word_1_54' title='bbox 1241 326 1392 368; x_wconf 83' lang='lat' dir='ltr'>Abrahae</span> <span class='ocrx_word' id='word_1_55' title='bbox 1403 358 1415 377; x_wconf 92' lang='lat'>,</span> <span class='ocrx_word' id='word_1_56' title='bbox 1431 327 1525 368; x_wconf 85' lang='lat' dir='ltr'>Isaac</span> <span class='ocrx_word' id='word_1_57' title='bbox 1536 327 1693 368; x_wconf 90' lang='lat' dir='ltr'>&amp;Iacob</span> <span class='ocrx_word' id='word_1_58' title='bbox 1707 340 1729 369; x_wconf 91' lang='lat' dir='ltr'>a</span> <span class='ocrx_word' id='word_1_59' title='bbox 1741 329 1825 368; x_wconf 90' lang='lat' dir='ltr'>Deo</span> <span class='ocrx_word' id='word_1_60' title='bbox 1837 325 2010 380; x_wconf 68' lang='lat' dir='ltr'>promissa</span> <span class='ocrx_word' id='word_1_61' title='bbox 2019 326 2109 367; x_wconf 71' lang='lat' dir='ltr'>effer.</span> <span class='ocrx_word' id='word_1_62' title='bbox 2166 327 2250 366; x_wconf 82' lang='lat' dir='ltr'>Haec</span> <span class='ocrx_word' id='word_1_63' title='bbox 2261 323 2332 378; x_wconf 84' lang='lat' dir='ltr'>ipsa</span> <span class='ocrx_word' id='word_1_64' title='bbox 2343 327 2518 367; x_wconf 88' lang='lat' dir='ltr'>veteribus</span> <span class='ocrx_word' id='word_1_65' title='bbox 2530 325 2664 367; x_wconf 80' lang='lat' dir='ltr'>Incolis</span> <span class='ocrx_word' id='word_1_66' title='bbox 2671 339 2714 366; x_wconf 90' lang='lat' dir='ltr'>ex</span> <span class='ocrx_word' id='word_1_67' title='bbox 2723 340 2765 368; x_wconf 90' lang='lat' dir='ltr'>ea</span> <span class='ocrx_word' id='word_1_68' title='bbox 2777 328 2886 381; x_wconf 85' lang='lat' dir='ltr'>pulsis</span> <span class='ocrx_word' id='word_1_69' title='bbox 2894 358 2906 377; x_wconf 89' lang='lat'><strong><em>,</em></strong></span> <span class='ocrx_word' id='word_1_70' title='bbox 2915 339 3017 383; x_wconf 89' lang='lat' dir='ltr'>atque</span> 
     </span>
     <span class='ocr_line' id='line_1_13' title="bbox 1067 378 3015 434; baseline -0.003 -10"><span class='ocrx_word' id='word_1_71' title='bbox 1067 381 1226 424; x_wconf 88' lang='lat' dir='ltr'>Israelitis</span> <span class='ocrx_word' id='word_1_72' title='bbox 1234 381 1270 420; x_wconf 90' lang='lat' dir='ltr'>in</span> <span class='ocrx_word' id='word_1_73' title='bbox 1279 392 1408 421; x_wconf 90' lang='lat' dir='ltr'>eorum</span> <span class='ocrx_word' id='word_1_74' title='bbox 1418 380 1543 420; x_wconf 90' lang='lat' dir='ltr'>locum</span> <span class='ocrx_word' id='word_1_75' title='bbox 1554 378 1749 421; x_wconf 87' lang='lat' dir='ltr'>substitutis</span> <span class='ocrx_word' id='word_1_76' title='bbox 1756 411 1769 430; x_wconf 90' lang='lat'>,</span> <span class='ocrx_word' id='word_1_77' title='bbox 1779 380 1870 434; x_wconf 71' lang='lat' dir='ltr'>Istae!</span> <span class='ocrx_word' id='word_1_78' title='bbox 1877 383 1921 422; x_wconf 60' lang='grc' dir='ltr'>(θ’</span> <span class='ocrx_word' id='word_1_79' title='bbox 1931 379 2035 417; x_wconf 76' lang='lat' dir='ltr'>Iudaea</span> <span class='ocrx_word' id='word_1_80' title='bbox 2045 378 2153 433; x_wconf 79' lang='lat' dir='ltr'>coepit</span> <span class='ocrx_word' id='word_1_81' title='bbox 2162 378 2343 430; x_wconf 89' lang='lat' dir='ltr'>appellari.</span> <span class='ocrx_word' id='word_1_82' title='bbox 2375 380 2587 420; x_wconf 73' lang='lat' dir='ltr'>Ptolemaeus</span> <span class='ocrx_word' id='word_1_83' title='bbox 2598 381 2634 419; x_wconf 68' lang='grc' dir='ltr'>δι</span> <span class='ocrx_word' id='word_1_84' title='bbox 2643 379 2699 419; x_wconf 87' lang='lat' dir='ltr'>alii</span> <span class='ocrx_word' id='word_1_85' title='bbox 2705 380 2915 430; x_wconf 71' lang='lat' dir='ltr'>‘Palaessmam</span> <span class='ocrx_word' id='word_1_86' title='bbox 2924 394 3015 425; x_wconf 83' lang='lat' dir='ltr'>nun.</span> 
     </span>
     <span class='ocr_line' id='line_1_14' title="bbox 937 430 3019 489; baseline -0.001 -12"><span class='ocrx_word' id='word_1_87' title='bbox 937 447 1073 489; x_wconf 81' lang='lat' dir='ltr'>cupant</span> <span class='ocrx_word' id='word_1_88' title='bbox 1086 468 1095 484; x_wconf 93' lang='lat'>,</span> <span class='ocrx_word' id='word_1_89' title='bbox 1111 448 1131 476; x_wconf 90' lang='lat' dir='ltr'>a</span> <span class='ocrx_word' id='word_1_90' title='bbox 1142 434 1320 484; x_wconf 74' lang='lat' dir='ltr'>‘Palaestinis</span> <span class='ocrx_word' id='word_1_91' title='bbox 1331 432 1477 485; x_wconf 87' lang='lat' dir='ltr'>populis</span> <span class='ocrx_word' id='word_1_92' title='bbox 1489 433 1616 485; x_wconf 85' lang='lat' dir='ltr'>magni</span> <span class='ocrx_word' id='word_1_93' title='bbox 1632 432 1793 473; x_wconf 85' lang='lat' dir='ltr'>nominis</span> <span class='ocrx_word' id='word_1_94' title='bbox 1801 431 1864 485; x_wconf 88' lang='lat' dir='ltr'>qui</span> <span class='ocrx_word' id='word_1_95' title='bbox 1872 431 1909 471; x_wconf 85' lang='lat' dir='ltr'>iu</span> <span class='ocrx_word' id='word_1_96' title='bbox 1921 432 2033 472; x_wconf 86' lang='lat' dir='ltr'>Sacris</span> <span class='ocrx_word' id='word_1_97' title='bbox 2052 432 2159 472; x_wconf 86' lang='lat' dir='ltr'>literis</span> <span class='ocrx_word' id='word_1_98' title='bbox 2169 430 2350 470; x_wconf 71' lang='lat' dir='ltr'>‘Philiffim</span> <span class='ocrx_word' id='word_1_99' title='bbox 2362 442 2558 473; x_wconf 80' lang='lat' dir='ltr'>vocantur:</span> <span class='ocrx_word' id='word_1_100' title='bbox 2584 431 2777 473; x_wconf 87' lang='lat' dir='ltr'>Christiani</span> <span class='ocrx_word' id='word_1_101' title='bbox 2792 433 2934 474; x_wconf 81' lang='lat' dir='ltr'>Terram</span> <span class='ocrx_word' id='word_1_102' title='bbox 2943 436 3019 475; x_wconf 74' lang='lat' dir='ltr'>San.</span> 
     </span>
     <span class='ocr_line' id='line_1_15' title="bbox 938 483 3018 542; baseline -0.001 -13"><span class='ocrx_word' id='word_1_103' title='bbox 938 491 1036 530; x_wconf 58' lang='lat' dir='ltr'>flam.</span> <span class='ocrx_word' id='word_1_104' title='bbox 1069 488 1186 542; x_wconf 87' lang='lat' dir='ltr'>Regio</span> <span class='ocrx_word' id='word_1_105' title='bbox 1197 487 1266 525; x_wconf 83' lang='lat' dir='ltr'>haec</span> <span class='ocrx_word' id='word_1_106' title='bbox 1274 486 1311 526; x_wconf 89' lang='lat' dir='ltr'>in</span> <span class='ocrx_word' id='word_1_107' title='bbox 1323 484 1495 525; x_wconf 87' lang='lat' dir='ltr'>umbilico</span> <span class='ocrx_word' id='word_1_108' title='bbox 1507 485 1624 526; x_wconf 81' lang='lat' dir='ltr'>Orbis</span> <span class='ocrx_word' id='word_1_109' title='bbox 1634 484 1826 526; x_wconf 88' lang='lat' dir='ltr'>constituta</span> <span class='ocrx_word' id='word_1_110' title='bbox 1835 516 1846 533; x_wconf 92' lang='lat'>‚</span> <span class='ocrx_word' id='word_1_111' title='bbox 1864 484 1958 524; x_wconf 84' lang='lat' dir='ltr'>inter</span> <span class='ocrx_word' id='word_1_112' title='bbox 1970 486 2072 524; x_wconf 88' lang='lat' dir='ltr'>Mare</span> <span class='ocrx_word' id='word_1_113' title='bbox 2089 483 2394 525; x_wconf 80' lang='lat' dir='ltr'>Mediterraneum</span> <span class='ocrx_word' id='word_1_114' title='bbox 2405 489 2440 525; x_wconf 91' lang='lat'><strong>&amp;</strong></span> <span class='ocrx_word' id='word_1_115' title='bbox 2450 484 2622 526; x_wconf 84' lang='lat' dir='ltr'>Arabiam</span> <span class='ocrx_word' id='word_1_116' title='bbox 2634 496 2724 537; x_wconf 88' lang='lat' dir='ltr'>,qua</span> <span class='ocrx_word' id='word_1_117' title='bbox 2730 498 2774 525; x_wconf 83' lang='lat' dir='ltr'>ex</span> <span class='ocrx_word' id='word_1_118' title='bbox 2792 495 2893 538; x_wconf 91' lang='lat' dir='ltr'>parte</span> <span class='ocrx_word' id='word_1_119' title='bbox 2910 489 3018 530; x_wconf 81' lang='lat' dir='ltr'>Mon.</span> 
     </span>
     <span class='ocr_line' id='line_1_16' title="bbox 940 536 3017 590; baseline 0 -9"><span class='ocrx_word' id='word_1_120' title='bbox 940 542 1039 582; x_wconf 89' lang='lat' dir='ltr'>tibus</span> <span class='ocrx_word' id='word_1_121' title='bbox 1061 542 1130 580; x_wconf 86' lang='lat' dir='ltr'>fere</span> <span class='ocrx_word' id='word_1_122' title='bbox 1148 537 1331 579; x_wconf 85' lang='lat' dir='ltr'>con&#39;tinuis</span> <span class='ocrx_word' id='word_1_123' title='bbox 1345 547 1472 577; x_wconf 87' lang='lat' dir='ltr'>natura</span> <span class='ocrx_word' id='word_1_124' title='bbox 1488 538 1581 578; x_wconf 88' lang='lat' dir='ltr'>ultra</span> <span class='ocrx_word' id='word_1_125' title='bbox 1598 537 1792 578; x_wconf 83' lang='lat' dir='ltr'>Iordanem</span> <span class='ocrx_word' id='word_1_126' title='bbox 1811 536 2001 577; x_wconf 76' lang='lat' dir='ltr'>(Lvallatur</span> <span class='ocrx_word' id='word_1_127' title='bbox 2021 551 2031 574; x_wconf 74' lang='grc' dir='ltr'><strong>ε</strong></span> <span class='ocrx_word' id='word_1_128' title='bbox 2056 547 2164 590; x_wconf 71' lang='lat' dir='ltr'>atqu:</span> <span class='ocrx_word' id='word_1_129' title='bbox 2183 537 2231 576; x_wconf 90' lang='lat' dir='ltr'>ab</span> <span class='ocrx_word' id='word_1_130' title='bbox 2244 539 2402 589; x_wconf 82' lang='lat' dir='ltr'>AEgypto</span> <span class='ocrx_word' id='word_1_131' title='bbox 2421 538 2595 590; x_wconf 87' lang='lat' dir='ltr'>incipiens</span> <span class='ocrx_word' id='word_1_132' title='bbox 2611 566 2622 583; x_wconf 83' lang='lat'><strong>,</strong></span> <span class='ocrx_word' id='word_1_133' title='bbox 2643 547 2684 578; x_wconf 88' lang='lat' dir='ltr'>ut</span> <span class='ocrx_word' id='word_1_134' title='bbox 2702 538 2775 578; x_wconf 89' lang='lat' dir='ltr'>vult</span> <span class='ocrx_word' id='word_1_135' title='bbox 2797 537 3017 589; x_wconf 81' lang='lat' dir='ltr'>Herodotus.</span> 
     </span>
     <span class='ocr_line' id='line_1_17' title="bbox 942 588 3016 643; baseline 0 -10"><span class='ocrx_word' id='word_1_136' title='bbox 942 595 1052 638; x_wconf 89' lang='lat' dir='ltr'>vel,ut</span> <span class='ocrx_word' id='word_1_137' title='bbox 1062 595 1122 633; x_wconf 89' lang='lat' dir='ltr'>alii</span> <span class='ocrx_word' id='word_1_138' title='bbox 1134 604 1172 643; x_wconf 89' lang='lat' dir='ltr'>‚a</span> <span class='ocrx_word' id='word_1_139' title='bbox 1184 590 1345 631; x_wconf 89' lang='lat' dir='ltr'>Sirbonis</span> <span class='ocrx_word' id='word_1_140' title='bbox 1357 591 1434 630; x_wconf 90' lang='lat' dir='ltr'>lacu</span> <span class='ocrx_word' id='word_1_141' title='bbox 1440 588 1569 642; x_wconf 73' lang='lat' dir='ltr'>‚Iusque</span> <span class='ocrx_word' id='word_1_142' title='bbox 1578 589 1624 630; x_wconf 91' lang='lat' dir='ltr'>ad</span> <span class='ocrx_word' id='word_1_143' title='bbox 1633 589 1852 630; x_wconf 85' lang='lat' dir='ltr'>Phoeniciam</span> <span class='ocrx_word' id='word_1_144' title='bbox 1868 589 2072 642; x_wconf 86' lang='lat' dir='ltr'>porrigitur.</span> <span class='ocrx_word' id='word_1_145' title='bbox 2128 589 2187 628; x_wconf 92' lang='lat' dir='ltr'>Ab</span> <span class='ocrx_word' id='word_1_146' title='bbox 2197 590 2348 629; x_wconf 83' lang='lat' dir='ltr'>Oriente</span> <span class='ocrx_word' id='word_1_147' title='bbox 2365 600 2489 630; x_wconf 87' lang='lat' dir='ltr'>autem</span> <span class='ocrx_word' id='word_1_148' title='bbox 2505 592 2641 643; x_wconf 90' lang='lat' dir='ltr'>Syriam</span> <span class='ocrx_word' id='word_1_149' title='bbox 2653 592 2688 630; x_wconf 68' lang='grc' dir='ltr'>ἃ</span> <span class='ocrx_word' id='word_1_150' title='bbox 2696 591 2885 631; x_wconf 80' lang='lat' dir='ltr'>Arabiam:</span> <span class='ocrx_word' id='word_1_151' title='bbox 2907 603 2929 631; x_wconf 87' lang='lat' dir='ltr'>a</span> <span class='ocrx_word' id='word_1_152' title='bbox 2940 595 3016 634; x_wconf 86' lang='lat' dir='ltr'>Me-</span> 
     </span>
     <span class='ocr_line' id='line_1_18' title="bbox 940 640 3220 697; baseline 0 -12"><span class='ocrx_word' id='word_1_153' title='bbox 940 646 1029 685; x_wconf 85' lang='lat' dir='ltr'>ridie</span> <span class='ocrx_word' id='word_1_154' title='bbox 1049 645 1223 685; x_wconf 80' lang='lat' dir='ltr'>delertum</span> <span class='ocrx_word' id='word_1_155' title='bbox 1242 643 1379 683; x_wconf 82' lang='lat' dir='ltr'>Pharan</span> <span class='ocrx_word' id='word_1_156' title='bbox 1395 646 1430 682; x_wconf 90' lang='lat'>&amp;</span> <span class='ocrx_word' id='word_1_157' title='bbox 1452 643 1652 696; x_wconf 84' lang='lat' dir='ltr'>AEgyptum</span> <span class='ocrx_word' id='word_1_158' title='bbox 1672 657 1682 681; x_wconf 71' lang='grc' dir='ltr'><strong><em>ι</em></strong></span> <span class='ocrx_word' id='word_1_159' title='bbox 1701 642 1751 682; x_wconf 88' lang='lat' dir='ltr'>ab</span> <span class='ocrx_word' id='word_1_160' title='bbox 1773 640 1974 683; x_wconf 87' lang='lat' dir='ltr'>Occidente</span> <span class='ocrx_word' id='word_1_161' title='bbox 1993 653 2091 682; x_wconf 90' lang='lat' dir='ltr'>mare</span> <span class='ocrx_word' id='word_1_162' title='bbox 2113 645 2292 694; x_wconf 90' lang='lat' dir='ltr'>Magnum</span> <span class='ocrx_word' id='word_1_163' title='bbox 2304 640 2358 682; x_wconf 87' lang='lat' dir='ltr'>seu</span> <span class='ocrx_word' id='word_1_164' title='bbox 2380 642 2681 684; x_wconf 86' lang='lat' dir='ltr'>Mediterraneum</span> <span class='ocrx_word' id='word_1_165' title='bbox 2702 658 2712 682; x_wconf 70' lang='grc' dir='ltr'><strong><em>ε</em></strong></span> <span class='ocrx_word' id='word_1_166' title='bbox 2733 654 2755 684; x_wconf 90' lang='lat' dir='ltr'>a</span> <span class='ocrx_word' id='word_1_167' title='bbox 2770 644 3017 697; x_wconf 75' lang='lat' dir='ltr'>Septentrione</span> <span class='ocrx_word' id='word_1_168' title='bbox 3081 660 3084 661; x_wconf 47' lang='lat'><em>⁷</em></span> <span class='ocrx_word' id='word_1_169' title='bbox 3218 673 3220 680; x_wconf 38' lang='grc' dir='ltr'><strong><em>ι</em></strong></span> 
     </span>
     <span class='ocr_line' id='line_1_19' title="bbox 939 693 3017 747; baseline -0.001 -10"><span class='ocrx_word' id='word_1_170' title='bbox 939 711 1025 737; x_wconf 86' lang='lat' dir='ltr'>vero</span> <span class='ocrx_word' id='word_1_171' title='bbox 1036 699 1213 738; x_wconf 85' lang='lat' dir='ltr'>Libanum</span> <span class='ocrx_word' id='word_1_172' title='bbox 1227 706 1393 735; x_wconf 90' lang='lat' dir='ltr'>montem</span> <span class='ocrx_word' id='word_1_173' title='bbox 1406 725 1418 745; x_wconf 90' lang='lat'>‚</span> <span class='ocrx_word' id='word_1_174' title='bbox 1439 694 1529 734; x_wconf 86' lang='lat' dir='ltr'>fines</span> <span class='ocrx_word' id='word_1_175' title='bbox 1549 694 1673 735; x_wconf 87' lang='lat' dir='ltr'>habet.</span> <span class='ocrx_word' id='word_1_176' title='bbox 1703 696 1791 744; x_wconf 86' lang='lat' dir='ltr'>Ejus</span> <span class='ocrx_word' id='word_1_177' title='bbox 1804 693 2002 747; x_wconf 84' lang='lat' dir='ltr'>longitudo</span> <span class='ocrx_word' id='word_1_178' title='bbox 2016 694 2065 734; x_wconf 89' lang='lat' dir='ltr'>ad</span> <span class='ocrx_word' id='word_1_179' title='bbox 2081 694 2368 745; x_wconf 86' lang='lat' dir='ltr'>Septentrionem</span> <span class='ocrx_word' id='word_1_180' title='bbox 2381 707 2401 734; x_wconf 93' lang='lat' dir='ltr'>a</span> <span class='ocrx_word' id='word_1_181' title='bbox 2412 695 2566 735; x_wconf 89' lang='lat' dir='ltr'>Civitate</span> <span class='ocrx_word' id='word_1_182' title='bbox 2584 698 2670 736; x_wconf 86' lang='lat' dir='ltr'>Dan</span> <span class='ocrx_word' id='word_1_183' title='bbox 2687 695 2733 736; x_wconf 89' lang='lat' dir='ltr'>ad</span> <span class='ocrx_word' id='word_1_184' title='bbox 2744 697 2902 737; x_wconf 88' lang='lat' dir='ltr'>radicem</span> <span class='ocrx_word' id='word_1_185' title='bbox 2911 700 3017 739; x_wconf 87' lang='lat' dir='ltr'>Mon.</span> 
     </span>
     <span class='ocr_line' id='line_1_20' title="bbox 937 745 3015 802; baseline -0.001 -11"><span class='ocrx_word' id='word_1_186' title='bbox 937 752 984 791; x_wconf 89' lang='lat' dir='ltr'>tis</span> <span class='ocrx_word' id='word_1_187' title='bbox 996 752 1120 791; x_wconf 87' lang='lat' dir='ltr'>Libani</span> <span class='ocrx_word' id='word_1_188' title='bbox 1135 750 1222 800; x_wconf 86' lang='lat' dir='ltr'>fita(</span> <span class='ocrx_word' id='word_1_189' title='bbox 1233 761 1309 800; x_wconf 86' lang='lat' dir='ltr'>quae</span> <span class='ocrx_word' id='word_1_190' title='bbox 1329 747 1448 800; x_wconf 84' lang='lat' dir='ltr'>postea</span> <span class='ocrx_word' id='word_1_191' title='bbox 1458 745 1610 787; x_wconf 84' lang='lat' dir='ltr'>Caesarea</span> <span class='ocrx_word' id='word_1_192' title='bbox 1620 746 1774 801; x_wconf 86' lang='lat' dir='ltr'>Philippi</span> <span class='ocrx_word' id='word_1_193' title='bbox 1786 751 1820 787; x_wconf 87' lang='lat'>&amp;</span> <span class='ocrx_word' id='word_1_194' title='bbox 1833 751 1965 787; x_wconf 87' lang='lat' dir='ltr'>Paneas</span> <span class='ocrx_word' id='word_1_195' title='bbox 1981 745 2076 786; x_wconf 64' lang='lat' dir='ltr'>dicia</span> <span class='ocrx_word' id='word_1_196' title='bbox 2087 746 2134 785; x_wconf 89' lang='lat' dir='ltr'>est</span> <span class='ocrx_word' id='word_1_197' title='bbox 2144 747 2161 799; x_wconf 89' lang='lat'><em>)</em></span> <span class='ocrx_word' id='word_1_198' title='bbox 2173 746 2286 786; x_wconf 90' lang='lat' dir='ltr'>versus</span> <span class='ocrx_word' id='word_1_199' title='bbox 2304 747 2492 787; x_wconf 87' lang='lat' dir='ltr'>Meridiem</span> <span class='ocrx_word' id='word_1_200' title='bbox 2505 749 2716 802; x_wconf 86' lang='lat' dir='ltr'>porrigitur.</span> <span class='ocrx_word' id='word_1_201' title='bbox 2739 752 2776 789; x_wconf 91' lang='lat'>&amp;</span> <span class='ocrx_word' id='word_1_202' title='bbox 2787 748 2895 801; x_wconf 89' lang='lat' dir='ltr'>usque</span> <span class='ocrx_word' id='word_1_203' title='bbox 2903 750 2949 790; x_wconf 94' lang='lat' dir='ltr'>ad</span> <span class='ocrx_word' id='word_1_204' title='bbox 2956 752 3015 791; x_wconf 88' lang='lat' dir='ltr'>Be.</span> 
     </span>
     <span class='ocr_line' id='line_1_21' title="bbox 935 798 3014 852; baseline 0 -8"><span class='ocrx_word' id='word_1_205' title='bbox 935 800 1101 845; x_wconf 77' lang='lat' dir='ltr'>arsebach</span> <span class='ocrx_word' id='word_1_206' title='bbox 1111 803 1304 843; x_wconf 87' lang='lat' dir='ltr'>Civitatem</span> <span class='ocrx_word' id='word_1_207' title='bbox 1317 801 1354 839; x_wconf 89' lang='lat' dir='ltr'>in</span> <span class='ocrx_word' id='word_1_208' title='bbox 1366 799 1479 839; x_wconf 86' lang='lat' dir='ltr'>Tribu</span> <span class='ocrx_word' id='word_1_209' title='bbox 1486 800 1666 839; x_wconf 90' lang='lat' dir='ltr'>Simeonis</span> <span class='ocrx_word' id='word_1_210' title='bbox 1675 810 1806 840; x_wconf 90' lang='lat' dir='ltr'>contra</span> <span class='ocrx_word' id='word_1_211' title='bbox 1824 798 2000 839; x_wconf 90' lang='lat' dir='ltr'>desertum</span> <span class='ocrx_word' id='word_1_212' title='bbox 2013 811 2187 852; x_wconf 86' lang='lat' dir='ltr'>magnum</span> <span class='ocrx_word' id='word_1_213' title='bbox 2196 798 2313 847; x_wconf 79' lang='lat' dir='ltr'>fitam,</span> <span class='ocrx_word' id='word_1_214' title='bbox 2325 800 2405 851; x_wconf 80' lang='lat' dir='ltr'>plus</span> <span class='ocrx_word' id='word_1_215' title='bbox 2415 800 2537 840; x_wconf 87' lang='lat' dir='ltr'>minus</span> <span class='ocrx_word' id='word_1_216' title='bbox 2551 815 2634 841; x_wconf 75' lang='lat' dir='ltr'>L-xv</span> <span class='ocrx_word' id='word_1_217' title='bbox 2646 814 2658 840; x_wconf 85' lang='grc' dir='ltr'>ι</span> <span class='ocrx_word' id='word_1_218' title='bbox 2670 814 2685 841; x_wconf 90' lang='lat'>1</span> <span class='ocrx_word' id='word_1_219' title='bbox 2697 801 2844 842; x_wconf 82' lang='lat' dir='ltr'>conficit</span> <span class='ocrx_word' id='word_1_220' title='bbox 2851 803 3014 852; x_wconf 75' lang='lat' dir='ltr'>milliaria.</span> 
     </span>
     <span class='ocr_line' id='line_1_22' title="bbox 940 850 3015 910; baseline 0 -14"><span class='ocrx_word' id='word_1_221' title='bbox 940 856 1077 910; x_wconf 77' lang='lat' dir='ltr'>singula</span> <span class='ocrx_word' id='word_1_222' title='bbox 1088 856 1200 895; x_wconf 86' lang='lat' dir='ltr'>unius-</span> <span class='ocrx_word' id='word_1_223' title='bbox 1210 853 1305 893; x_wconf 81' lang='lat' dir='ltr'>hora:</span> <span class='ocrx_word' id='word_1_224' title='bbox 1323 852 1444 892; x_wconf 85' lang='lat' dir='ltr'>itinere</span> <span class='ocrx_word' id='word_1_225' title='bbox 1461 850 1800 893; x_wconf 87' lang='lat' dir='ltr'>commensuranda.</span> <span class='ocrx_word' id='word_1_226' title='bbox 1830 852 2001 893; x_wconf 88' lang='lat' dir='ltr'>Latitudo</span> <span class='ocrx_word' id='word_1_227' title='bbox 2012 864 2095 891; x_wconf 87' lang='lat' dir='ltr'>vero</span> <span class='ocrx_word' id='word_1_228' title='bbox 2106 882 2117 899; x_wconf 89' lang='lat'>‚</span> <span class='ocrx_word' id='word_1_229' title='bbox 2135 864 2213 903; x_wconf 82' lang='lat' dir='ltr'>quae</span> <span class='ocrx_word' id='word_1_230' title='bbox 2221 852 2268 892; x_wconf 92' lang='lat' dir='ltr'>ab</span> <span class='ocrx_word' id='word_1_231' title='bbox 2281 851 2482 892; x_wconf 87' lang='lat' dir='ltr'>Occidente</span> <span class='ocrx_word' id='word_1_232' title='bbox 2493 865 2514 893; x_wconf 85' lang='lat' dir='ltr'>a</span> <span class='ocrx_word' id='word_1_233' title='bbox 2531 853 2623 894; x_wconf 88' lang='lat' dir='ltr'>Mari</span> <span class='ocrx_word' id='word_1_234' title='bbox 2634 866 2770 906; x_wconf 85' lang='lat' dir='ltr'>magno</span> <span class='ocrx_word' id='word_1_235' title='bbox 2782 854 2818 894; x_wconf 91' lang='lat' dir='ltr'>in</span> <span class='ocrx_word' id='word_1_236' title='bbox 2833 855 3015 900; x_wconf 88' lang='lat' dir='ltr'>Orientem</span> 
     </span>
     <span class='ocr_line' id='line_1_23' title="bbox 942 902 3016 959; baseline -0.002 -9"><span class='ocrx_word' id='word_1_237' title='bbox 942 910 989 950; x_wconf 90' lang='lat' dir='ltr'>ad</span> <span class='ocrx_word' id='word_1_238' title='bbox 1001 908 1195 949; x_wconf 85' lang='lat' dir='ltr'>Iordanem</span> <span class='ocrx_word' id='word_1_239' title='bbox 1207 904 1312 958; x_wconf 89' lang='lat' dir='ltr'>usque</span> <span class='ocrx_word' id='word_1_240' title='bbox 1322 905 1515 954; x_wconf 85' lang='lat' dir='ltr'>sumenda,</span> <span class='ocrx_word' id='word_1_241' title='bbox 1526 903 1741 956; x_wconf 89' lang='lat' dir='ltr'>quibusdam</span> <span class='ocrx_word' id='word_1_242' title='bbox 1753 903 1842 946; x_wconf 91' lang='lat' dir='ltr'>locis</span> <span class='ocrx_word' id='word_1_243' title='bbox 1856 919 1911 945; x_wconf 86' lang='lat' dir='ltr'>xv</span> <span class='ocrx_word' id='word_1_244' title='bbox 1923 916 1937 942; x_wconf 94' lang='lat'>1</span> <span class='ocrx_word' id='word_1_245' title='bbox 1956 902 2193 955; x_wconf 75' lang='lat' dir='ltr'>,quibusdam</span> <span class='ocrx_word' id='word_1_246' title='bbox 2214 917 2285 943; x_wconf 79' lang='lat' dir='ltr'>xvr</span> <span class='ocrx_word' id='word_1_247' title='bbox 2297 917 2310 942; x_wconf 88' lang='lat'>1</span> <span class='ocrx_word' id='word_1_248' title='bbox 2322 917 2336 943; x_wconf 95' lang='lat'>1</span> <span class='ocrx_word' id='word_1_249' title='bbox 2357 905 2517 945; x_wconf 90' lang='lat' dir='ltr'>milliaria</span> <span class='ocrx_word' id='word_1_250' title='bbox 2534 907 2801 959; x_wconf 72' lang='lat' dir='ltr'>compleffitur.</span> <span class='ocrx_word' id='word_1_251' title='bbox 2830 911 3016 949; x_wconf 76' lang='lat' dir='ltr'>luterem-</span> 
     </span>
     <span class='ocr_line' id='line_1_24' title="bbox 940 954 3015 1012; baseline 0 -10"><span class='ocrx_word' id='word_1_252' title='bbox 940 974 1006 1003; x_wconf 86' lang='lat' dir='ltr'>nes</span> <span class='ocrx_word' id='word_1_253' title='bbox 1018 975 1100 1001; x_wconf 89' lang='lat' dir='ltr'>vero</span> <span class='ocrx_word' id='word_1_254' title='bbox 1117 960 1279 1012; x_wconf 81' lang='lat' dir='ltr'>regiones</span> <span class='ocrx_word' id='word_1_255' title='bbox 1288 970 1367 1008; x_wconf 82' lang='lat' dir='ltr'>quae</span> <span class='ocrx_word' id='word_1_256' title='bbox 1377 956 1439 996; x_wconf 89' lang='lat' dir='ltr'>sub</span> <span class='ocrx_word' id='word_1_257' title='bbox 1447 958 1556 997; x_wconf 86' lang='lat' dir='ltr'>Coelo</span> <span class='ocrx_word' id='word_1_258' title='bbox 1567 954 1645 997; x_wconf 88' lang='lat' dir='ltr'>sunt</span> <span class='ocrx_word' id='word_1_259' title='bbox 1653 958 1706 998; x_wconf 91' lang='lat' dir='ltr'>ob</span> <span class='ocrx_word' id='word_1_260' title='bbox 1719 958 1819 998; x_wconf 79' lang='lat' dir='ltr'>Aeris</span> <span class='ocrx_word' id='word_1_261' title='bbox 1830 957 2071 997; x_wconf 87' lang='lat' dir='ltr'>salubritatem</span> <span class='ocrx_word' id='word_1_262' title='bbox 2080 957 2243 1008; x_wconf 82' lang='lat' dir='ltr'>Coelique</span> <span class='ocrx_word' id='word_1_263' title='bbox 2261 958 2473 1008; x_wconf 81' lang='lat' dir='ltr'>temperiem</span> <span class='ocrx_word' id='word_1_264' title='bbox 2483 958 2660 1010; x_wconf 81' lang='lat' dir='ltr'>imprimis</span> <span class='ocrx_word' id='word_1_265' title='bbox 2671 959 2952 1002; x_wconf 85' lang='lat' dir='ltr'>commendatur</span> <span class='ocrx_word' id='word_1_266' title='bbox 2961 990 2972 1008; x_wconf 81' lang='grc'><strong><em>,</em></strong></span> <span class='ocrx_word' id='word_1_267' title='bbox 2983 963 3015 1005; x_wconf 83' lang='grc' dir='ltr'>ἰη</span> 
     </span>
     <span class='ocr_line' id='line_1_25' title="bbox 945 1009 3015 1067; baseline -0 -13"><span class='ocrx_word' id='word_1_268' title='bbox 945 1027 1019 1067; x_wconf 89' lang='lat' dir='ltr'>qua</span> <span class='ocrx_word' id='word_1_269' title='bbox 1030 1026 1092 1053; x_wconf 89' lang='lat' dir='ltr'>nec</span> <span class='ocrx_word' id='word_1_270' title='bbox 1108 1013 1204 1065; x_wconf 89' lang='lat' dir='ltr'>rigor</span> <span class='ocrx_word' id='word_1_271' title='bbox 1213 1011 1259 1051; x_wconf 86' lang='lat' dir='ltr'>est</span> <span class='ocrx_word' id='word_1_272' title='bbox 1272 1010 1404 1050; x_wconf 87' lang='lat' dir='ltr'>nimius</span> <span class='ocrx_word' id='word_1_273' title='bbox 1414 1009 1699 1062; x_wconf 87' lang='lat' dir='ltr'>hyemis‚neque</span> <span class='ocrx_word' id='word_1_274' title='bbox 1713 1009 1836 1051; x_wconf 72' lang='lat' dir='ltr'>aestatis</span> <span class='ocrx_word' id='word_1_275' title='bbox 1851 1009 1973 1049; x_wconf 85' lang='lat' dir='ltr'>ardor.</span> <span class='ocrx_word' id='word_1_276' title='bbox 2010 1009 2192 1059; x_wconf 87' lang='lat' dir='ltr'>Imprimis</span> <span class='ocrx_word' id='word_1_277' title='bbox 2200 1019 2321 1050; x_wconf 87' lang='lat' dir='ltr'>autem</span> <span class='ocrx_word' id='word_1_278' title='bbox 2338 1011 2391 1049; x_wconf 94' lang='lat' dir='ltr'>ob</span> <span class='ocrx_word' id='word_1_279' title='bbox 2401 1010 2476 1051; x_wconf 91' lang='lat' dir='ltr'>Soli</span> <span class='ocrx_word' id='word_1_280' title='bbox 2487 1011 2689 1051; x_wconf 84' lang='lat' dir='ltr'>ubertatem</span> <span class='ocrx_word' id='word_1_281' title='bbox 2700 1042 2710 1058; x_wconf 82' lang='lat'><strong><em>.</em></strong></span> <span class='ocrx_word' id='word_1_282' title='bbox 2732 1014 2889 1066; x_wconf 86' lang='lat' dir='ltr'>Frugum</span> <span class='ocrx_word' id='word_1_283' title='bbox 2899 1017 3015 1057; x_wconf 77' lang='lat' dir='ltr'>omnis</span> 
     </span>
     <span class='ocr_line' id='line_1_26' title="bbox 968 1062 3016 1114; baseline 0.002 -9"><span class='ocrx_word' id='word_1_284' title='bbox 968 1066 1080 1105; x_wconf 81' lang='lat' dir='ltr'>eneris</span> <span class='ocrx_word' id='word_1_285' title='bbox 1100 1063 1361 1105; x_wconf 79' lang='lat' dir='ltr'>abundantiam</span> <span class='ocrx_word' id='word_1_286' title='bbox 1376 1094 1387 1112; x_wconf 86' lang='lat'>,</span> <span class='ocrx_word' id='word_1_287' title='bbox 1397 1073 1506 1114; x_wconf 88' lang='lat' dir='ltr'>atque</span> <span class='ocrx_word' id='word_1_288' title='bbox 1517 1064 1667 1103; x_wconf 89' lang='lat' dir='ltr'>aliarum</span> <span class='ocrx_word' id='word_1_289' title='bbox 1682 1062 1852 1103; x_wconf 89' lang='lat' dir='ltr'>omnium</span> <span class='ocrx_word' id='word_1_290' title='bbox 1866 1075 1983 1102; x_wconf 89' lang='lat' dir='ltr'>retum</span> <span class='ocrx_word' id='word_1_291' title='bbox 1995 1062 2139 1112; x_wconf 83' lang='lat' dir='ltr'>copiam</span> <span class='ocrx_word' id='word_1_292' title='bbox 2152 1090 2163 1105; x_wconf 88' lang='lat'>.</span> <span class='ocrx_word' id='word_1_293' title='bbox 2179 1074 2256 1114; x_wconf 79' lang='lat' dir='ltr'>quae</span> <span class='ocrx_word' id='word_1_294' title='bbox 2267 1074 2321 1101; x_wconf 89' lang='lat' dir='ltr'>res</span> <span class='ocrx_word' id='word_1_295' title='bbox 2333 1072 2412 1103; x_wconf 89' lang='lat' dir='ltr'>tum</span> <span class='ocrx_word' id='word_1_296' title='bbox 2425 1062 2470 1103; x_wconf 93' lang='lat' dir='ltr'>ad</span> <span class='ocrx_word' id='word_1_297' title='bbox 2489 1063 2683 1104; x_wconf 86' lang='lat' dir='ltr'>hominum</span> <span class='ocrx_word' id='word_1_298' title='bbox 2693 1064 2805 1106; x_wconf 86' lang='lat' dir='ltr'>vitam</span> <span class='ocrx_word' id='word_1_299' title='bbox 2820 1065 2899 1108; x_wconf 89' lang='lat' dir='ltr'>sunt</span> <span class='ocrx_word' id='word_1_300' title='bbox 2910 1068 3016 1109; x_wconf 83' lang='lat' dir='ltr'>neces·</span> 
     </span>
     <span class='ocr_line' id='line_1_27' title="bbox 954 1109 3014 1171; baseline 0 -12"><span class='ocrx_word' id='word_1_301' title='bbox 954 1119 1027 1159; x_wconf 87' lang='lat' dir='ltr'>ariae</span> <span class='ocrx_word' id='word_1_302' title='bbox 1041 1148 1049 1161; x_wconf 90' lang='lat'><strong><em>‚</em></strong></span> <span class='ocrx_word' id='word_1_303' title='bbox 1062 1129 1142 1157; x_wconf 87' lang='lat' dir='ltr'>tum</span> <span class='ocrx_word' id='word_1_304' title='bbox 1153 1117 1260 1156; x_wconf 72' lang='lat' dir='ltr'>etiam</span> <span class='ocrx_word' id='word_1_305' title='bbox 1269 1127 1393 1155; x_wconf 86' lang='lat' dir='ltr'>earum</span> <span class='ocrx_word' id='word_1_306' title='bbox 1406 1145 1418 1164; x_wconf 90' lang='lat'>,</span> <span class='ocrx_word' id='word_1_307' title='bbox 1436 1127 1516 1166; x_wconf 81' lang='lat' dir='ltr'>quae</span> <span class='ocrx_word' id='word_1_308' title='bbox 1524 1115 1737 1156; x_wconf 88' lang='lat' dir='ltr'>hominibus</span> <span class='ocrx_word' id='word_1_309' title='bbox 1751 1113 1864 1155; x_wconf 85' lang='lat' dir='ltr'>solent</span> <span class='ocrx_word' id='word_1_310' title='bbox 1874 1109 1938 1155; x_wconf 75' lang='lat' dir='ltr'>ess‘e</span> <span class='ocrx_word' id='word_1_311' title='bbox 1951 1115 1987 1154; x_wconf 87' lang='lat' dir='ltr'>in</span> <span class='ocrx_word' id='word_1_312' title='bbox 1996 1114 2129 1154; x_wconf 87' lang='lat' dir='ltr'>delitiis</span> <span class='ocrx_word' id='word_1_313' title='bbox 2138 1146 2149 1163; x_wconf 83' lang='lat'><em>,</em></span> <span class='ocrx_word' id='word_1_314' title='bbox 2159 1114 2258 1166; x_wconf 89' lang='lat' dir='ltr'>apud</span> <span class='ocrx_word' id='word_1_315' title='bbox 2271 1115 2464 1167; x_wconf 83' lang='lat' dir='ltr'>Scriptores</span> <span class='ocrx_word' id='word_1_316' title='bbox 2475 1127 2550 1157; x_wconf 88' lang='lat' dir='ltr'>tam</span> <span class='ocrx_word' id='word_1_317' title='bbox 2560 1116 2676 1158; x_wconf 82' lang='lat' dir='ltr'>sacros</span> <span class='ocrx_word' id='word_1_318' title='bbox 2687 1130 2799 1170; x_wconf 90' lang='lat' dir='ltr'>quam</span> <span class='ocrx_word' id='word_1_319' title='bbox 2810 1119 3014 1171; x_wconf 79' lang='lat' dir='ltr'>prophanos</span> 
     </span>
     <span class='ocr_line' id='line_1_28' title="bbox 941 1165 3013 1214; baseline 0 -1"><span class='ocrx_word' id='word_1_320' title='bbox 941 1171 1107 1213; x_wconf 74' lang='lat' dir='ltr'>maximis</span> <span class='ocrx_word' id='word_1_321' title='bbox 1115 1170 1162 1208; x_wconf 87' lang='lat' dir='ltr'>est</span> <span class='ocrx_word' id='word_1_322' title='bbox 1174 1170 1347 1209; x_wconf 86' lang='lat' dir='ltr'>celebrata</span> <span class='ocrx_word' id='word_1_323' title='bbox 1357 1167 1538 1208; x_wconf 84' lang='lat' dir='ltr'>laudibus.</span> <span class='ocrx_word' id='word_1_324' title='bbox 1571 1166 1690 1208; x_wconf 84' lang='lat' dir='ltr'>Moses</span> <span class='ocrx_word' id='word_1_325' title='bbox 1701 1167 1747 1208; x_wconf 91' lang='lat' dir='ltr'>de</span> <span class='ocrx_word' id='word_1_326' title='bbox 1758 1168 1822 1208; x_wconf 87' lang='lat' dir='ltr'>hac</span> <span class='ocrx_word' id='word_1_327' title='bbox 1832 1168 1881 1208; x_wconf 82' lang='lat' dir='ltr'>ita</span> <span class='ocrx_word' id='word_1_328' title='bbox 1892 1165 2051 1208; x_wconf 87' lang='lat' dir='ltr'>Israelitis</span> <span class='ocrx_word' id='word_1_329' title='bbox 2060 1167 2109 1206; x_wconf 89' lang='lat' dir='ltr'>est</span> <span class='ocrx_word' id='word_1_330' title='bbox 2120 1168 2329 1207; x_wconf 85' lang='lat' dir='ltr'>vaticinatus</span> <span class='ocrx_word' id='word_1_331' title='bbox 2339 1170 2516 1209; x_wconf 87' lang='lat' dir='ltr'>Deutero.</span> <span class='ocrx_word' id='word_1_332' title='bbox 2528 1181 2566 1209; x_wconf 78' lang='lat' dir='ltr'>vr</span> <span class='ocrx_word' id='word_1_333' title='bbox 2577 1182 2591 1208; x_wconf 85' lang='lat'>1</span> <span class='ocrx_word' id='word_1_334' title='bbox 2605 1182 2620 1209; x_wconf 87' lang='grc' dir='ltr'>ι</span> <span class='ocrx_word' id='word_1_335' title='bbox 2629 1199 2639 1210; x_wconf 89' lang='grc'><strong>.</strong></span> <span class='ocrx_word' id='word_1_336' title='bbox 2659 1172 2917 1211; x_wconf 71' lang='lat' dir='ltr'>Ecce-Dominus</span> <span class='ocrx_word' id='word_1_337' title='bbox 2924 1174 3013 1214; x_wconf 79' lang='lat' dir='ltr'>Deus</span> 
     </span>
     <span class='ocr_line' id='line_1_29' title="bbox 940 1220 3004 1276; baseline 0 -13"><span class='ocrx_word' id='word_1_338' title='bbox 940 1237 1016 1265; x_wconf 82' lang='lat' dir='ltr'>tuus</span> <span class='ocrx_word' id='word_1_339' title='bbox 1026 1223 1197 1261; x_wconf 74' lang='lat' dir='ltr'>tntroducet</span> <span class='ocrx_word' id='word_1_340' title='bbox 1209 1233 1237 1259; x_wconf 81' lang='lat' dir='ltr'>te</span> <span class='ocrx_word' id='word_1_341' title='bbox 1246 1225 1279 1259; x_wconf 85' lang='lat' dir='ltr'>in</span> <span class='ocrx_word' id='word_1_342' title='bbox 1289 1224 1442 1274; x_wconf 79' lang='lat' dir='ltr'>regionem</span> <span class='ocrx_word' id='word_1_343' title='bbox 1452 1220 1567 1258; x_wconf 79' lang='lat' dir='ltr'>bonam</span> <span class='ocrx_word' id='word_1_344' title='bbox 1583 1226 1626 1264; x_wconf 70' lang='lat'>&amp;-</span> <span class='ocrx_word' id='word_1_345' title='bbox 1641 1223 1779 1274; x_wconf 81' lang='lat' dir='ltr'>amplam</span> <span class='ocrx_word' id='word_1_346' title='bbox 1789 1253 1799 1271; x_wconf 88' lang='lat'>‚</span> <span class='ocrx_word' id='word_1_347' title='bbox 1808 1222 1898 1272; x_wconf 84' lang='lat' dir='ltr'>cujus</span> <span class='ocrx_word' id='word_1_348' title='bbox 1905 1235 1990 1275; x_wconf 71' lang='lat' dir='ltr'>aqua</span> <span class='ocrx_word' id='word_1_349' title='bbox 2004 1248 2015 1264; x_wconf 94' lang='lat'><em>‚</em></span> <span class='ocrx_word' id='word_1_350' title='bbox 2024 1230 2167 1258; x_wconf 74' lang='lat' dir='ltr'>torrentes</span> <span class='ocrx_word' id='word_1_351' title='bbox 2177 1224 2338 1270; x_wconf 67' lang='lat' dir='ltr'>,&amp;fonm</span> <span class='ocrx_word' id='word_1_352' title='bbox 2344 1220 2440 1276; x_wconf 77' lang='lat' dir='ltr'>abyffi</span> <span class='ocrx_word' id='word_1_353' title='bbox 2445 1233 2559 1261; x_wconf 84' lang='lat' dir='ltr'>exeunt</span> <span class='ocrx_word' id='word_1_354' title='bbox 2567 1236 2610 1261; x_wconf 84' lang='lat' dir='ltr'>ex</span> <span class='ocrx_word' id='word_1_355' title='bbox 2615 1224 2801 1276; x_wconf 79' lang='lat' dir='ltr'>planitiebus</span> <span class='ocrx_word' id='word_1_356' title='bbox 2809 1227 2843 1264; x_wconf 87' lang='lat'>&amp;</span> <span class='ocrx_word' id='word_1_357' title='bbox 2853 1225 3004 1266; x_wconf 78' lang='lat' dir='ltr'>montibus</span> 
     </span>
    </p>
   </div>
   <div class='ocr_carea' id='block_1_9' title="bbox 0 235 3220 1304">
    <p class='ocr_par' dir='ltr' id='par_1_10' title="bbox 0 235 3220 1304">
     <span class='ocr_line' id='line_1_30' title="bbox 0 235 3220 463; baseline 0 0"><span class='ocrx_word' id='word_1_358' title='bbox 0 308 472 463; x_wconf 95' lang='lat' dir='ltr'> </span> <span class='ocrx_word' id='word_1_359' title='bbox 3060 235 3220 463; x_wconf 95' lang='lat' dir='ltr'>  </span> 
     </span>
     <span class='ocr_line' id='line_1_31' title="bbox 0 463 3220 670; baseline 0 -158"><span class='ocrx_word' id='word_1_360' title='bbox 0 463 472 670; x_wconf 95' lang='lat' dir='ltr'>     </span> <span class='ocrx_word' id='word_1_361' title='bbox 3052 463 3220 670; x_wconf 95' lang='lat' dir='ltr'>     </span> 
     </span>
     <span class='ocr_line' id='line_1_32' title="bbox 0 670 3220 771; baseline 0 0"><span class='ocrx_word' id='word_1_362' title='bbox 0 670 468 771; x_wconf 95' lang='lat' dir='ltr'>  </span> <span class='ocrx_word' id='word_1_363' title='bbox 3050 670 3220 771; x_wconf 95' lang='lat' dir='ltr'>  </span> 
     </span>
     <span class='ocr_line' id='line_1_33' title="bbox 0 771 3220 879; baseline 0 0"><span class='ocrx_word' id='word_1_364' title='bbox 0 771 466 879; x_wconf 95' lang='lat' dir='ltr'>  </span> <span class='ocrx_word' id='word_1_365' title='bbox 3048 771 3220 879; x_wconf 95' lang='lat' dir='ltr'>  </span> 
     </span>
     <span class='ocr_line' id='line_1_34' title="bbox 0 879 3220 995; baseline 0 0"><span class='ocrx_word' id='word_1_366' title='bbox 0 879 406 995; x_wconf 95' lang='lat' dir='ltr'>  </span> <span class='ocrx_word' id='word_1_367' title='bbox 3044 879 3220 995; x_wconf 95' lang='lat' dir='ltr'>  </span> 
     </span>
     <span class='ocr_line' id='line_1_35' title="bbox 0 995 3213 1096; baseline 0 0"><span class='ocrx_word' id='word_1_368' title='bbox 0 995 406 1096; x_wconf 95' lang='lat' dir='ltr'>  </span> <span class='ocrx_word' id='word_1_369' title='bbox 3042 995 3213 1096; x_wconf 95' lang='lat' dir='ltr'>  </span> 
     </span>
     <span class='ocr_line' id='line_1_36' title="bbox 0 1096 3220 1304; baseline 0 -164"><span class='ocrx_word' id='word_1_370' title='bbox 0 1096 469 1304; x_wconf 95' lang='lat' dir='ltr'>    </span> <span class='ocrx_word' id='word_1_371' title='bbox 3034 1096 3220 1238; x_wconf 95' lang='lat' dir='ltr'>   </span> 
     </span>
    </p>
   </div>
   <div class='ocr_carea' id='block_1_10' title="bbox 3005 1260 3017 1282">
    <p class='ocr_par' dir='ltr' id='par_1_11' title="bbox 3005 1260 3017 1282">
     <span class='ocr_line' id='line_1_37' title="bbox 3005 1260 3017 1282; baseline 0 0"><span class='ocrx_word' id='word_1_372' title='bbox 3005 1260 3017 1282; x_wconf 63' lang='grc' dir='ltr'><strong>Ὠ</strong></span> 
     </span>
    </p>
   </div>
   <div class='ocr_carea' id='block_1_11' title="bbox 934 1272 3013 1754">
    <p class='ocr_par' dir='ltr' id='par_1_12' title="bbox 934 1272 3013 1754">
     <span class='ocr_line' id='line_1_38' title="bbox 950 1272 3013 1323; baseline 0 -7"><span class='ocrx_word' id='word_1_373' title='bbox 950 1289 1070 1317; x_wconf 77' lang='lat' dir='ltr'>terram</span> <span class='ocrx_word' id='word_1_374' title='bbox 1089 1276 1213 1315; x_wconf 76' lang='lat' dir='ltr'>Tratico</span> <span class='ocrx_word' id='word_1_375' title='bbox 1223 1279 1266 1318; x_wconf 57' lang='grc' dir='ltr'>ω’*</span> <span class='ocrx_word' id='word_1_376' title='bbox 1278 1273 1409 1312; x_wconf 81' lang='lat' dir='ltr'>Hordeo</span> <span class='ocrx_word' id='word_1_377' title='bbox 1420 1272 1634 1312; x_wconf 72' lang='lat' dir='ltr'>abundantem</span> <span class='ocrx_word' id='word_1_378' title='bbox 1646 1305 1656 1323; x_wconf 91' lang='lat'><strong>,</strong></span> <span class='ocrx_word' id='word_1_379' title='bbox 1667 1272 1803 1313; x_wconf 68' lang='lat' dir='ltr'>vatibus</span> <span class='ocrx_word' id='word_1_380' title='bbox 1823 1305 1836 1323; x_wconf 85' lang='lat'>‚</span> <span class='ocrx_word' id='word_1_381' title='bbox 1851 1272 1992 1313; x_wconf 76' lang='lat' dir='ltr'><em>cmubus</em></span> <span class='ocrx_word' id='word_1_382' title='bbox 2003 1274 2116 1313; x_wconf 74' lang='lat' dir='ltr'>Malis</span> <span class='ocrx_word' id='word_1_383' title='bbox 2129 1274 2269 1313; x_wconf 74' lang='lat' dir='ltr'>‘Punicis</span> <span class='ocrx_word' id='word_1_384' title='bbox 2281 1303 2293 1322; x_wconf 84' lang='lat'>,</span> <span class='ocrx_word' id='word_1_385' title='bbox 2302 1275 2438 1313; x_wconf 69' lang='lat' dir='ltr'>‘Palmis</span> <span class='ocrx_word' id='word_1_386' title='bbox 2459 1287 2471 1313; x_wconf 69' lang='grc' dir='ltr'><strong>ε</strong></span> <span class='ocrx_word' id='word_1_387' title='bbox 2492 1285 2613 1314; x_wconf 78' lang='lat' dir='ltr'>terram</span> <span class='ocrx_word' id='word_1_388' title='bbox 2625 1276 2704 1315; x_wconf 60' lang='lat'>01⁶0</span> <span class='ocrx_word' id='word_1_389' title='bbox 2716 1280 2761 1320; x_wconf 65' lang='grc' dir='ltr'>ό·</span> <span class='ocrx_word' id='word_1_390' title='bbox 2769 1278 2875 1317; x_wconf 79' lang='lat' dir='ltr'>Melle</span> <span class='ocrx_word' id='word_1_391' title='bbox 2891 1292 2913 1316; x_wconf 85' lang='lat' dir='ltr'>a</span> <span class='ocrx_word' id='word_1_392' title='bbox 2965 1293 3013 1319; x_wconf 81' lang='lat' dir='ltr'>en.</span> 
     </span>
     <span class='ocr_line' id='line_1_39' title="bbox 938 1325 3012 1382; baseline 0 -13"><span class='ocrx_word' id='word_1_393' title='bbox 938 1341 1003 1369; x_wconf 77' lang='lat' dir='ltr'>tem</span> <span class='ocrx_word' id='word_1_394' title='bbox 1018 1357 1030 1373; x_wconf 88' lang='lat'><em>,</em></span> <span class='ocrx_word' id='word_1_395' title='bbox 1044 1333 1076 1366; x_wconf 80' lang='lat' dir='ltr'>in</span> <span class='ocrx_word' id='word_1_396' title='bbox 1087 1342 1149 1382; x_wconf 73' lang='lat' dir='ltr'>qua</span> <span class='ocrx_word' id='word_1_397' title='bbox 1158 1339 1295 1381; x_wconf 85' lang='lat' dir='ltr'>panemo</span> <span class='ocrx_word' id='word_1_398' title='bbox 1314 1325 1425 1379; x_wconf 65' lang='lat' dir='ltr'>affyut&#39;</span> <span class='ocrx_word' id='word_1_399' title='bbox 1430 1337 1559 1378; x_wconf 78' lang='lat' dir='ltr'>penurta</span> <span class='ocrx_word' id='word_1_400' title='bbox 1570 1327 1704 1379; x_wconf 72' lang='lat' dir='ltr'>vescaris</span> <span class='ocrx_word' id='word_1_401' title='bbox 1719 1341 1728 1365; x_wconf 89' lang='lat'>:</span> <span class='ocrx_word' id='word_1_402' title='bbox 1743 1339 1862 1365; x_wconf 77' lang='lat' dir='ltr'>terram</span> <span class='ocrx_word' id='word_1_403' title='bbox 1872 1330 1922 1365; x_wconf 80' lang='lat' dir='ltr'>cus‘</span> <span class='ocrx_word' id='word_1_404' title='bbox 1928 1339 1982 1380; x_wconf 79' lang='lat' dir='ltr'>pro</span> <span class='ocrx_word' id='word_1_405' title='bbox 1992 1325 2145 1378; x_wconf 62' lang='lat' dir='ltr'>taptdtbus</span> <span class='ocrx_word' id='word_1_406' title='bbox 2156 1325 2200 1377; x_wconf 75' lang='lat' dir='ltr'>est</span> <span class='ocrx_word' id='word_1_407' title='bbox 2214 1329 2349 1365; x_wconf 76' lang='lat' dir='ltr'>Ferrum</span> <span class='ocrx_word' id='word_1_408' title='bbox 2359 1355 2372 1371; x_wconf 88' lang='lat'><em>‚</em></span> <span class='ocrx_word' id='word_1_409' title='bbox 2388 1332 2433 1371; x_wconf 65' lang='grc' dir='ltr'>ό·</span> <span class='ocrx_word' id='word_1_410' title='bbox 2441 1328 2529 1377; x_wconf 84' lang='lat' dir='ltr'>cujus</span> <span class='ocrx_word' id='word_1_411' title='bbox 2542 1340 2587 1367; x_wconf 76' lang='lat' dir='ltr'>ex</span> <span class='ocrx_word' id='word_1_412' title='bbox 2597 1328 2774 1369; x_wconf 64' lang='lat' dir='ltr'>Montibus</span> <span class='ocrx_word' id='word_1_413' title='bbox 2782 1334 2863 1372; x_wconf 76' lang='lat' dir='ltr'>eAEs</span> <span class='ocrx_word' id='word_1_414' title='bbox 2920 1332 3012 1374; x_wconf 65' lang='lat' dir='ltr'>odias:</span> 
     </span>
     <span class='ocr_line' id='line_1_40' title="bbox 938 1380 3013 1433; baseline 0.001 -10"><span class='ocrx_word' id='word_1_415' title='bbox 938 1394 1055 1423; x_wconf 77' lang='lat' dir='ltr'>terram</span> <span class='ocrx_word' id='word_1_416' title='bbox 1064 1381 1169 1419; x_wconf 65' lang='lat' dir='ltr'>Labie</span> <span class='ocrx_word' id='word_1_417' title='bbox 1180 1385 1222 1423; x_wconf 58' lang='grc' dir='ltr'><strong><em>ὠ</em></strong></span> <span class='ocrx_word' id='word_1_418' title='bbox 1234 1380 1338 1419; x_wconf 86' lang='lat' dir='ltr'>Melle</span> <span class='ocrx_word' id='word_1_419' title='bbox 1356 1390 1535 1418; x_wconf 82' lang='lat' dir='ltr'>manantem</span> <span class='ocrx_word' id='word_1_420' title='bbox 1552 1393 1560 1415; x_wconf 75' lang='grc' dir='ltr'><strong>ε</strong></span> <span class='ocrx_word' id='word_1_421' title='bbox 1576 1392 1692 1417; x_wconf 76' lang='lat' dir='ltr'>terram</span> <span class='ocrx_word' id='word_1_422' title='bbox 1704 1394 1803 1432; x_wconf 82' lang='lat' dir='ltr'>quam</span> <span class='ocrx_word' id='word_1_423' title='bbox 1813 1383 1910 1419; x_wconf 78' lang='lat' dir='ltr'>Deus</span> <span class='ocrx_word' id='word_1_424' title='bbox 1926 1391 1998 1418; x_wconf 80' lang='lat' dir='ltr'>tuus</span> <span class='ocrx_word' id='word_1_425' title='bbox 2007 1390 2148 1430; x_wconf 61' lang='lat' dir='ltr'>procuras</span> <span class='ocrx_word' id='word_1_426' title='bbox 2162 1410 2173 1428; x_wconf 90' lang='lat'>‚</span> <span class='ocrx_word' id='word_1_427' title='bbox 2183 1381 2234 1416; x_wconf 77' lang='lat' dir='ltr'>cui</span> <span class='ocrx_word' id='word_1_428' title='bbox 2243 1380 2398 1419; x_wconf 63' lang='lat' dir='ltr'>divmitus</span> <span class='ocrx_word' id='word_1_429' title='bbox 2411 1380 2639 1433; x_wconf 77' lang='lat' dir='ltr'>prosperitasest</span> <span class='ocrx_word' id='word_1_430' title='bbox 2650 1382 2760 1422; x_wconf 69' lang='lat' dir='ltr'>cauata</span> <span class='ocrx_word' id='word_1_431' title='bbox 2782 1413 2793 1431; x_wconf 88' lang='lat'><em>,</em></span> <span class='ocrx_word' id='word_1_432' title='bbox 2812 1395 2847 1420; x_wconf 84' lang='lat' dir='ltr'>ut</span> <span class='ocrx_word' id='word_1_433' title='bbox 2855 1383 3013 1433; x_wconf 79' lang='lat' dir='ltr'>fimlitate</span> 
     </span>
     <span class='ocr_line' id='line_1_41' title="bbox 937 1431 3013 1493; baseline 0.002 -20"><span class='ocrx_word' id='word_1_434' title='bbox 937 1448 1037 1474; x_wconf 79' lang='lat' dir='ltr'>omnes</span> <span class='ocrx_word' id='word_1_435' title='bbox 1049 1436 1126 1472; x_wconf 69' lang='lat' dir='ltr'>alias</span> <span class='ocrx_word' id='word_1_436' title='bbox 1148 1446 1243 1473; x_wconf 76' lang='lat' dir='ltr'>terras</span> <span class='ocrx_word' id='word_1_437' title='bbox 1252 1435 1368 1493; x_wconf 77' lang='lat' dir='ltr'>superet</span> <span class='ocrx_word' id='word_1_438' title='bbox 1383 1462 1393 1481; x_wconf 90' lang='lat'><strong>,</strong></span> <span class='ocrx_word' id='word_1_439' title='bbox 1410 1444 1448 1469; x_wconf 73' lang='lat' dir='ltr'>cic</span> <span class='ocrx_word' id='word_1_440' title='bbox 1461 1431 1616 1485; x_wconf 70' lang='lat' dir='ltr'>‘Paradafi</span> <span class='ocrx_word' id='word_1_441' title='bbox 1634 1433 1700 1470; x_wconf 74' lang='lat' dir='ltr'>Dea</span> <span class='ocrx_word' id='word_1_442' title='bbox 1710 1433 1755 1485; x_wconf 76' lang='lat' dir='ltr'>fir</span> <span class='ocrx_word' id='word_1_443' title='bbox 1777 1432 1940 1479; x_wconf 74' lang='lat' dir='ltr'>adfimu&#39;tis.</span> <span class='ocrx_word' id='word_1_444' title='bbox 1998 1432 2164 1484; x_wconf 86' lang='lat' dir='ltr'>Longum</span> <span class='ocrx_word' id='word_1_445' title='bbox 2182 1431 2276 1471; x_wconf 90' lang='lat' dir='ltr'>foret</span> <span class='ocrx_word' id='word_1_446' title='bbox 2293 1433 2515 1483; x_wconf 88' lang='lat' dir='ltr'>reliquorum</span> <span class='ocrx_word' id='word_1_447' title='bbox 2531 1462 2543 1482; x_wconf 90' lang='lat'><strong>‚</strong></span> <span class='ocrx_word' id='word_1_448' title='bbox 2563 1432 2702 1486; x_wconf 88' lang='lat' dir='ltr'>losephi</span> <span class='ocrx_word' id='word_1_449' title='bbox 2714 1465 2727 1485; x_wconf 91' lang='lat'><strong><em>,</em></strong></span> <span class='ocrx_word' id='word_1_450' title='bbox 2743 1435 2842 1476; x_wconf 82' lang='lat' dir='ltr'>Plinii</span> <span class='ocrx_word' id='word_1_451' title='bbox 2858 1439 3013 1484; x_wconf 72' lang='lat' dir='ltr'>encomia</span> 
     </span>
     <span class='ocr_line' id='line_1_42' title="bbox 934 1483 3010 1540; baseline 0 -13"><span class='ocrx_word' id='word_1_452' title='bbox 934 1487 1067 1540; x_wconf 88' lang='lat' dir='ltr'>quibus</span> <span class='ocrx_word' id='word_1_453' title='bbox 1088 1486 1215 1525; x_wconf 90' lang='lat' dir='ltr'>miram</span> <span class='ocrx_word' id='word_1_454' title='bbox 1227 1484 1333 1534; x_wconf 73' lang='lat' dir='ltr'>hu1us</span> <span class='ocrx_word' id='word_1_455' title='bbox 1347 1495 1440 1524; x_wconf 87' lang='lat' dir='ltr'>terrae</span> <span class='ocrx_word' id='word_1_456' title='bbox 1454 1484 1716 1525; x_wconf 80' lang='lat' dir='ltr'>commendant</span> <span class='ocrx_word' id='word_1_457' title='bbox 1733 1483 1953 1525; x_wconf 87' lang='lat' dir='ltr'>fertilitatem</span> <span class='ocrx_word' id='word_1_458' title='bbox 1970 1496 2274 1525; x_wconf 88' lang='lat' dir='ltr'>commemorare.</span> <span class='ocrx_word' id='word_1_459' title='bbox 2301 1484 2489 1528; x_wconf 85' lang='lat' dir='ltr'>videndus</span> <span class='ocrx_word' id='word_1_460' title='bbox 2502 1484 2550 1526; x_wconf 85' lang='lat' dir='ltr'>de</span> <span class='ocrx_word' id='word_1_461' title='bbox 2567 1485 2624 1527; x_wconf 83' lang='lat' dir='ltr'>his</span> <span class='ocrx_word' id='word_1_462' title='bbox 2643 1488 2807 1528; x_wconf 87' lang='lat' dir='ltr'>oculatus</span> <span class='ocrx_word' id='word_1_463' title='bbox 2821 1489 2912 1529; x_wconf 78' lang='lat' dir='ltr'>tellis</span> <span class='ocrx_word' id='word_1_464' title='bbox 2931 1492 3010 1533; x_wconf 88' lang='lat' dir='ltr'>Bro.</span> 
     </span>
     <span class='ocr_line' id='line_1_43' title="bbox 934 1536 3009 1597; baseline 0.001 -17"><span class='ocrx_word' id='word_1_465' title='bbox 934 1539 1080 1580; x_wconf 84' lang='lat' dir='ltr'>cardus.</span> <span class='ocrx_word' id='word_1_466' title='bbox 1140 1540 1188 1578; x_wconf 86' lang='lat' dir='ltr'>Ex</span> <span class='ocrx_word' id='word_1_467' title='bbox 1202 1538 1256 1578; x_wconf 86' lang='lat' dir='ltr'>his</span> <span class='ocrx_word' id='word_1_468' title='bbox 1277 1550 1359 1576; x_wconf 86' lang='lat' dir='ltr'>vero</span> <span class='ocrx_word' id='word_1_469' title='bbox 1372 1550 1447 1589; x_wconf 83' lang='lat' dir='ltr'>quae</span> <span class='ocrx_word' id='word_1_470' title='bbox 1459 1536 1504 1576; x_wconf 85' lang='lat' dir='ltr'>ad</span> <span class='ocrx_word' id='word_1_471' title='bbox 1519 1538 1592 1577; x_wconf 78' lang='lat' dir='ltr'>vitae</span> <span class='ocrx_word' id='word_1_472' title='bbox 1605 1537 1743 1577; x_wconf 85' lang='lat' dir='ltr'>delitias</span> <span class='ocrx_word' id='word_1_473' title='bbox 1755 1569 1765 1586; x_wconf 89' lang='lat'>,</span> <span class='ocrx_word' id='word_1_474' title='bbox 1779 1540 1831 1577; x_wconf 91' lang='lat' dir='ltr'>vel</span> <span class='ocrx_word' id='word_1_475' title='bbox 1846 1537 2031 1577; x_wconf 71' lang='lat' dir='ltr'>Medicinae</span> <span class='ocrx_word' id='word_1_476' title='bbox 2044 1536 2142 1578; x_wconf 88' lang='lat' dir='ltr'>usum</span> <span class='ocrx_word' id='word_1_477' title='bbox 2159 1536 2294 1578; x_wconf 88' lang='lat' dir='ltr'>faciunt</span> <span class='ocrx_word' id='word_1_478' title='bbox 2307 1569 2320 1588; x_wconf 89' lang='lat'><strong>,</strong></span> <span class='ocrx_word' id='word_1_479' title='bbox 2330 1538 2503 1592; x_wconf 82' lang='lat' dir='ltr'>praecipue</span> <span class='ocrx_word' id='word_1_480' title='bbox 2521 1540 2802 1581; x_wconf 88' lang='lat' dir='ltr'>commendatur</span> <span class='ocrx_word' id='word_1_481' title='bbox 2820 1542 3009 1597; x_wconf 50' lang='lat' dir='ltr'>Palfiaemung</span> 
     </span>
     <span class='ocr_line' id='line_1_44' title="bbox 935 1588 3009 1645; baseline 0 -12"><span class='ocrx_word' id='word_1_482' title='bbox 935 1592 1019 1633; x_wconf 87' lang='lat' dir='ltr'>huic</span> <span class='ocrx_word' id='word_1_483' title='bbox 1030 1592 1120 1630; x_wconf 86' lang='lat' dir='ltr'>olim</span> <span class='ocrx_word' id='word_1_484' title='bbox 1135 1591 1248 1631; x_wconf 71' lang='lat' dir='ltr'>Orbis</span> <span class='ocrx_word' id='word_1_485' title='bbox 1263 1591 1352 1643; x_wconf 86' lang='lat' dir='ltr'>parti</span> <span class='ocrx_word' id='word_1_486' title='bbox 1373 1588 1681 1642; x_wconf 79' lang='lat' dir='ltr'>generosissimum</span> <span class='ocrx_word' id='word_1_487' title='bbox 1696 1591 1758 1630; x_wconf 88' lang='lat' dir='ltr'>uni</span> <span class='ocrx_word' id='word_1_488' title='bbox 1775 1601 1795 1629; x_wconf 82' lang='lat' dir='ltr'>a</span> <span class='ocrx_word' id='word_1_489' title='bbox 1813 1593 1897 1630; x_wconf 86' lang='lat' dir='ltr'>Deo</span> <span class='ocrx_word' id='word_1_490' title='bbox 1912 1589 2112 1630; x_wconf 76' lang='lat' dir='ltr'>concessum</span> <span class='ocrx_word' id='word_1_491' title='bbox 2130 1621 2142 1640; x_wconf 91' lang='lat'>,</span> <span class='ocrx_word' id='word_1_492' title='bbox 2175 1603 2256 1641; x_wconf 88' lang='lat' dir='ltr'>quo</span> <span class='ocrx_word' id='word_1_493' title='bbox 2275 1602 2371 1631; x_wconf 87' lang='lat' dir='ltr'>nunc</span> <span class='ocrx_word' id='word_1_494' title='bbox 2387 1601 2495 1632; x_wconf 82' lang='lat' dir='ltr'>caret.</span> <span class='ocrx_word' id='word_1_495' title='bbox 2550 1594 2740 1634; x_wconf 68' lang='lat' dir='ltr'>eAromaea</span> <span class='ocrx_word' id='word_1_496' title='bbox 2755 1622 2766 1639; x_wconf 87' lang='lat'>‚</span> <span class='ocrx_word' id='word_1_497' title='bbox 2786 1589 2924 1645; x_wconf 70' lang='lat' dir='ltr'>Mastix</span> <span class='ocrx_word' id='word_1_498' title='bbox 2942 1624 2952 1641; x_wconf 91' lang='lat'><strong>,</strong></span> <span class='ocrx_word' id='word_1_499' title='bbox 2975 1610 3009 1641; x_wconf 77' lang='lat' dir='ltr'>ac</span> 
     </span>
     <span class='ocr_line' id='line_1_45' title="bbox 935 1642 3008 1702; baseline 0.004 -21"><span class='ocrx_word' id='word_1_500' title='bbox 935 1644 1014 1685; x_wconf 87' lang='lat' dir='ltr'>duo</span> <span class='ocrx_word' id='word_1_501' title='bbox 1041 1645 1189 1697; x_wconf 59' lang='lat' dir='ltr'>Qucum</span> <span class='ocrx_word' id='word_1_502' title='bbox 1215 1656 1343 1697; x_wconf 83' lang='lat' dir='ltr'>genera</span> <span class='ocrx_word' id='word_1_503' title='bbox 1360 1673 1369 1688; x_wconf 94' lang='lat'>,</span> <span class='ocrx_word' id='word_1_504' title='bbox 1398 1644 1548 1682; x_wconf 87' lang='lat' dir='ltr'>alterum</span> <span class='ocrx_word' id='word_1_505' title='bbox 1583 1642 1767 1698; x_wconf 63' lang='lat' dir='ltr'>Amjgdala</span> <span class='ocrx_word' id='word_1_506' title='bbox 1787 1642 1919 1684; x_wconf 83' lang='lat' dir='ltr'>Latinis</span> <span class='ocrx_word' id='word_1_507' title='bbox 1941 1642 2079 1682; x_wconf 69' lang='lat' dir='ltr'>dicium</span> <span class='ocrx_word' id='word_1_508' title='bbox 2112 1657 2121 1681; x_wconf 74' lang='grc' dir='ltr'>ε</span> <span class='ocrx_word' id='word_1_509' title='bbox 2150 1644 2301 1683; x_wconf 88' lang='lat' dir='ltr'>alterum</span> <span class='ocrx_word' id='word_1_510' title='bbox 2318 1655 2403 1684; x_wconf 87' lang='lat' dir='ltr'>vero</span> <span class='ocrx_word' id='word_1_511' title='bbox 2419 1644 2524 1696; x_wconf 92' lang='lat' dir='ltr'>quod</span> <span class='ocrx_word' id='word_1_512' title='bbox 2546 1646 2732 1698; x_wconf 89' lang='lat' dir='ltr'>optimum</span> <span class='ocrx_word' id='word_1_513' title='bbox 2756 1648 2793 1687; x_wconf 90' lang='lat' dir='ltr'>in</span> <span class='ocrx_word' id='word_1_514' title='bbox 2814 1659 2854 1688; x_wconf 89' lang='lat' dir='ltr'>ea</span> <span class='ocrx_word' id='word_1_515' title='bbox 2873 1649 3008 1702; x_wconf 83' lang='lat' dir='ltr'>regione</span> 
     </span>
     <span class='ocr_line' id='line_1_46' title="bbox 934 1694 3005 1754; baseline 0.002 -13"><span class='ocrx_word' id='word_1_516' title='bbox 934 1697 984 1741; x_wconf 83' lang='lat' dir='ltr'>est</span> <span class='ocrx_word' id='word_1_517' title='bbox 1011 1728 1026 1753; x_wconf 87' lang='lat'><em>,</em></span> <span class='ocrx_word' id='word_1_518' title='bbox 1063 1696 1199 1742; x_wconf 75' lang='lat' dir='ltr'>Graecis</span> <span class='ocrx_word' id='word_1_519' title='bbox 1216 1702 1251 1739; x_wconf 71' lang='grc' dir='ltr'>δι</span> <span class='ocrx_word' id='word_1_520' title='bbox 1271 1696 1401 1738; x_wconf 85' lang='lat' dir='ltr'>Latinis</span> <span class='ocrx_word' id='word_1_521' title='bbox 1419 1694 1572 1749; x_wconf 70' lang='lat' dir='ltr'>‘I’stacea</span> <span class='ocrx_word' id='word_1_522' title='bbox 1590 1696 1745 1741; x_wconf 70' lang='lat' dir='ltr'>dietum.</span> <span class='ocrx_word' id='word_1_523' title='bbox 1797 1694 2059 1754; x_wconf 45' lang='lat' dir='ltr'>manentibus</span> <span class='ocrx_word' id='word_1_524' title='bbox 2077 1695 2189 1738; x_wconf 84' lang='lat' dir='ltr'>etiam</span> <span class='ocrx_word' id='word_1_525' title='bbox 2210 1697 2358 1740; x_wconf 76' lang='lat' dir='ltr'>Petrum</span> <span class='ocrx_word' id='word_1_526' title='bbox 2375 1707 2484 1753; x_wconf 86' lang='lat' dir='ltr'>atque</span> <span class='ocrx_word' id='word_1_527' title='bbox 2497 1698 2592 1742; x_wconf 78' lang='lat' dir='ltr'>AEtIs</span> <span class='ocrx_word' id='word_1_528' title='bbox 2610 1701 2758 1745; x_wconf 83' lang='lat' dir='ltr'>Metalla</span> <span class='ocrx_word' id='word_1_529' title='bbox 2773 1700 3005 1746; x_wconf 77' lang='lat' dir='ltr'>ecfodiunrur.</span> 
     </span>
    </p>
   </div>
   <div class='ocr_carea' id='block_1_12' title="bbox 2904 1757 3009 1812">
    <p class='ocr_par' dir='ltr' id='par_1_13' title="bbox 2904 1757 3009 1812">
     <span class='ocr_line' id='line_1_47' title="bbox 2904 1757 3009 1812; baseline 0.019 -14"><span class='ocrx_word' id='word_1_530' title='bbox 2904 1757 3009 1812; x_wconf 76' lang='lat' dir='ltr'>Aans</span> 
     </span>
    </p>
   </div>
   <div class='ocr_carea' id='block_1_13' title="bbox 0 1238 3220 2336">
    <p class='ocr_par' dir='ltr' id='par_1_14' title="bbox 0 1238 3220 2336">
     <span class='ocr_line' id='line_1_48' title="bbox 0 1238 3220 1410; baseline 0 0"><span class='ocrx_word' id='word_1_531' title='bbox 0 1304 469 1410; x_wconf 95' lang='lat' dir='ltr'> </span> <span class='ocrx_word' id='word_1_532' title='bbox 3034 1238 3220 1410; x_wconf 95' lang='lat' dir='ltr'>  </span> 
     </span>
     <span class='ocr_line' id='line_1_49' title="bbox 0 1410 3220 1627; baseline 0 0"><span class='ocrx_word' id='word_1_533' title='bbox 0 1410 469 1627; x_wconf 95' lang='lat' dir='ltr'>    </span> <span class='ocrx_word' id='word_1_534' title='bbox 3030 1410 3220 1627; x_wconf 95' lang='lat' dir='ltr'>    </span> 
     </span>
     <span class='ocr_line' id='line_1_50' title="bbox 0 1627 3220 1726; baseline 0 0"><span class='ocrx_word' id='word_1_535' title='bbox 0 1627 399 1726; x_wconf 95' lang='lat' dir='ltr'>  </span> <span class='ocrx_word' id='word_1_536' title='bbox 3030 1627 3220 1726; x_wconf 95' lang='lat' dir='ltr'>  </span> 
     </span>
     <span class='ocr_line' id='line_1_51' title="bbox 0 1726 3220 2336; baseline 0 -552"><span class='ocrx_word' id='word_1_537' title='bbox 0 1726 3220 2336; x_wconf 95' lang='lat' dir='ltr'>    </span> <span class='ocrx_word' id='word_1_538' title='bbox 3009 1726 3220 1839; x_wconf 95' lang='lat' dir='ltr'>   </span> 
     </span>
    </p>
   </div>
  </div>
 </body>
</html>
