3164 2384
561 933 670 990 §pua
676 928 813 987 pubaea.

561 1443 716 1485 eriveus}

558 1498 704 1555 qu
709 1493 850 1556 goradi

859 189 890 227 6
1775 181 1795 227 1
1814 181 1855 227 A
1870 181 1906 227 Ρ
1924 184 1968 228 0
1985 181 2035 229 N
2052 182 2072 229 1
2092 181 2153 228 A.

855 196 950 281 &iiii
960 248 1126 293 preterea
1134 238 1283 291 Offircain
1293 239 1429 280 Civitas
1440 240 1589 291 illustris,
1601 251 1735 295 potens
1746 274 1756 290 ‚
1767 243 1873 282 libera
1887 274 1900 293 ,
1911 244 2090 283 omnium
2102 252 2145 282 ut
2155 238 2303 293 quidam
2311 248 2505 282 autumant
2516 239 2631 279 totius
2641 237 2804 279 Orientis
2815 239 2964 290 opulen-

858 292 1010 334 tissima.
1055 294 1191 345 Magna
1202 292 1261 332 hic
1284 295 1530 334 Mercatorum
1549 296 1706 346 undique
1716 296 2008 335 concurrentium
2022 293 2221 348 frequentia
2232 292 2281 333 est
2294 322 2306 341 ,
2328 305 2489 345 quotum
2498 292 2562 344 qui
2572 291 2776 332 mediocres
2789 290 2968 333 facultates

860 346 1000 388 habent
1015 344 1209 385 minimum
1223 344 1408 397 possident
1423 360 1504 387 xxx
1517 359 1708 387 aureorum
1720 348 1828 388 millia
1838 376 1848 391 .
1858 348 1922 400 qui
1936 349 2111 397 majores.
2136 345 2381 386 incredibilem
2393 345 2584 386 summam.
2609 344 2767 398 ‘Bungum
2776 341 2824 384 sui
2836 345 2965 384 traaus

864 398 963 440 Vrbs
971 397 1143 488 praecipua
1154 427 1165 445 ,
1178 397 1246 436 fitu
1254 409 1463 450 oportuno.
1498 403 1538 439 ln
1551 401 1615 440 hac
1628 399 1913 440 christianorum
1928 412 2082 453 magnus
2092 399 2143 439 cst
2154 399 2416 451 numerus.fflia
2423 396 2562 438 Civitas
2573 398 2689 439 Bonna
2700 396 2845 437 cuidam
2864 395 2967 447 sacra,

866 463 979 504 quem
988 454 1069 489 Com
1091 448 1184 501 odaeffi
1198 460 1346 491 vocant.
1402 451 1578 503 Principes
1591 464 1725 491 ornnes
1740 453 1776 490 in
1787 454 1851 492 hac
1860 454 1959 494 Vrbe
1976 452 2208 505 sepeliuntur:
2222 461 2283 492 aut
2296 450 2322 490 si
2332 452 2442 501 alibi,
2458 447 2582 490 saltem
2599 449 2670 487 huc
2681 448 2830 489 dentem
2856 460 2966 495 unum

872 504 1026 544 mittunt
1036 499 1275 555 sepeliendum
1289 517 1297 541 :
1312 512 1411 542 tanta
1428 502 1533 552 hujus
1549 506 1621 544 loci
1632 515 1827 546 veneratio.
1854 509 1977 559 Frongo
1985 506 2079 547 Vrbs
2090 505 2217 545 decem
2230 507 2264 543 &
2272 505 2361 545 οὲὶο
2369 503 2476 544 leucis
2496 506 2625 543 Meaco
2642 500 2876 541 distans-Haec
2887 503 2967 541 No-

868 557 1048 609 bunangae
1057 566 1221 607 tempore
1231 556 1408 605 majorem
1427 556 1465 595 in
1479 568 1618 607 partein
1631 557 1803 598 devastata
1814 556 1897 598 fuit.
1924 560 2087 610 hamque
2098 569 2200 597 anno
2218 568 2296 596 cro
2306 569 2438 597 mxcv
2450 567 2465 595 1
2480 564 2707 595 terraemotus
2724 553 2770 593 fic
2781 555 2967 604 convullit,

867 619 909 649 ut
917 619 996 648 non
1007 607 1162 647 minima
1172 609 1251 657 ejus
1264 620 1345 661 pars
1357 608 1404 647 ad
1412 620 1542 649 terram
1556 610 1646 650 allisa
1658 610 1698 649 [it
1711 624 1720 648 :
1738 614 1902 663 &paullo
1913 610 1995 663 post
2008 610 2118 652 etiam
2131 609 2289 650 maxima
2296 621 2378 662 pars
2388 638 2400 654 ‚
2413 619 2455 649 ut
2462 607 2589 648 dicunt
2601 635 2613 652 ,
2622 605 2706 659 igne
2721 604 2965 658 conflagrarit.

867 661 1114 714 Amangasaqm'
1124 661 1220 701 Vrbs
1233 673 1311 701 non
1330 663 1601 702 contemnenda
1613 664 1720 703 leucis
1732 664 1854 714 quiuis
1873 664 2081 715 disjunfitaa
2092 664 2182 703 mari
2198 662 2295 703 Sacai
2309 661 2493 716 oppofita.
2522 658 2645 700 Habet
2655 659 2763 699 etiam
2779 661 2969 711 Vefirqmm¹

866 715 1030 753 Funaa‘nm
1043 741 1054 756 ‚
1063 713 1100 750 T
1100 714 1185 763 osam
1196 713 1312 756 Vrbes
1323 713 1563 754 nobilissimas
1574 746 1586 764 ,
1598 719 1631 754 δι
1644 717 1728 755 alias
1737 728 1824 768 quas
1837 716 2019 757 brevitatis
2030 715 2149 756 studio
2158 724 2342 768 praeteteo.
2371 717 2500 755 Portus
2520 711 2648 752 marini
2661 712 2718 752 hic
2729 711 2833 750 multi
2849 739 2861 755 ,
2880 711 2966 752 inter

866 776 965 819 quos
980 764 1257 811 Ochinosamanus
1270 798 1280 816 ‚
1295 766 1333 806 in
1345 776 1427 819 quo
1435 766 1505 807 fere
1517 779 1673 820 magnus
1685 780 1830 809 navium
1845 781 2017 809 numerus
2024 769 2104 808 stat.
2132 766 2226 808 Editi
2235 767 2397 822 praerupti
2425 778 2468 807 ue
2476 768 2646 809 Montes,
2661 776 2746 804 cum
2754 764 2811 803 alii
2823 763 2965 815 passim,

866 827 947 859 tum
961 830 976 858 1
986 830 1002 858 1
1019 819 1192 872 praecipua
1212 818 1401 860 nobilitate
1412 819 1569 863 visuntur
1588 852 1599 871 ‚
1617 833 1780 873 quorum
1790 825 1875 862 alter
1886 822 2027 862 incerta:
2042 820 2295 874 appellationis
2313 852 2325 871 ,
2347 819 2395 861 ad
2409 819 2492 860 idue
2506 817 2674 858 flammas
2682 819 2842 857 evomit:
2862 818 2969 869 inque

866 870 945 920 ejus
955 872 1160 922 cacumine,
1172 872 1278 912 certis
1292 872 1514 915 Hominibus
1526 901 1536 916 ,
1557 874 1752 926 postquam
1763 876 1833 914 voti
1842 873 1946 914 causa
1956 875 2017 917 diu
2025 874 2056 914 se
2065 874 2320 916 maceraverint
2333 871 2534 926 ,splendida
2540 869 2775 911 circumfusus
2797 869 2895 910 nube
2906 870 2967 911 sest

868 923 1117 965 Cacodaemon
1124 924 1281 967 ostendit
1294 939 1302 963 =
1319 925 1405 966 alter
1416 928 1622 981 figendam
1635 928 1785 967 nomine
1795 927 1954 980 spectatae
1964 927 2165 967 altitudinis
2173 926 2221 966 est
2229 954 2241 971 ,
2266 927 2361 967 adeo
2378 936 2418 967 ut
2427 926 2537 966 etiam
2549 923 2642 976 ipsas
2653 923 2772 963 nubes
2794 924 2968 964 leucarum

868 978 1013 1029 aliquot
1024 977 1212 1018 intervallo
1223 976 1258 1017 su
1305 989 1372 1019 ret.
1404 978 1598 1032 Magnifica
1614 981 1957 1034 exllruuanempla
1969 980 2251 1021 &sacerdotum
2270 979 2448 1040 utriusque
2458 977 2560 1019 sexus
2574 973 2754 1017 sumtuosa
2773 976 2965 1016 Coenobia:

869 1028 1021 1083 superba
1040 1030 1147 1071 etiam
1164 1034 1200 1072 &
1222 1031 1255 1071 vi
1269 1031 1362 1072 enda
1371 1034 1514 1072 Palatia.
1571 1034 1691 1073 Palatii
1702 1034 1788 1087 regii
1798 1047 1840 1073 ex
1858 1035 1983 1074 Paullo
1995 1037 2137 1076 Veneto
2149 1061 2159 1078 ,
2177 1031 2280 1086 supra
2288 1044 2515 1073 mentionem
2533 1029 2684 1071 fecimus
2698 1056 2709 1073 ‚
2727 1027 2829 1081 cujus
2840 1029 2967 1069 rectum

870 1082 987 1124 aureis
998 1083 1141 1123 laminis
1150 1082 1219 1124 fuit
1230 1093 1417 1136 opertum.
1449 1086 1657 1137 Superficies
1667 1099 1815 1139 quoque
1826 1085 1983 1139 superior
1992 1089 2154 1127 aularum
2164 1090 2198 1126 δι
2209 1087 2436 1127 conclavium
2453 1084 2567 1125 aureis
2581 1083 2725 1124 laminis
2734 1081 2913 1122 ferebatur
2925 1095 2970 1121 te-

870 1136 944 1176 aa.
972 1135 1051 1175 Nec
1061 1136 1181 1176 minus
1196 1136 1308 1176 hodie
1319 1135 1445 1177 suntin
1457 1138 1663 1188 hujusmodi
1672 1144 1843 1191 operibus
1854 1139 2026 1180 sumtuofi
2037 1146 2073 1180 δι
2087 1138 2394 1193 magnifici.Taea'co
2412 1138 2479 1178 five
2490 1135 2681 1190 Taicqfama
2689 1146 2802 1187 quem
2814 1147 2911 1175 nunc
2921 1135 2969 1175 hic

873 1188 1115 1230 Monarcham
1126 1188 1194 1229 ess‘e
1213 1188 1394 1240 diximus,
1406 1203 1517 1243 opere
1538 1191 1684 1232 visendo
1698 1200 1731 1232 &
1745 1193 1921 1246 stupendo
1936 1194 2056 1233 moles
2074 1192 2251 1235 excitavit.
2283 1194 2353 1232 l-lic
2365 1190 2490 1232 exstrui
2502 1189 2636 1230 curavit
2655 1190 2776 1228 aulam
2795 1188 2894 1228 mille
2904 1189 2969 1226 Ta.

871 1242 969 1281 eama
978 1243 995 1294 (
1005 1241 1120 1282 storea:
1130 1241 1397 1296 elegantissimae
1420 1255 1534 1296 genus
1545 1245 1619 1298 est)
1631 1259 1797 1298 opertam
1810 1259 1895 1285 cum
1905 1244 1970 1285 sui.·-
1989 1245 2052 1286 fim
2058 1244 2145 1286 briis
2156 1244 2375 1285 damascenis
2394 1276 2406 1295 ‚
2423 1241 2629 1283 holosericis
2641 1240 2775 1291 ,aureis
2790 1255 2800 1279 ι
2814 1241 2968 1293 quaelibet

874 1305 998 1336 autem
1011 1295 1135 1335 harum
1148 1295 1344 1336 storearum
1352 1296 1442 1336 οᾶο
1452 1298 1598 1349 palmos
1611 1303 1737 1351 longa,
1748 1313 1759 1338 ι
1772 1314 1790 1339 ν
1802 1301 1872 1339 lata
1883 1300 2030 1338 est.l-laec
2041 1299 2151 1339 aulae
2163 1299 2265 1351 ligno
2277 1296 2424 1338 maximi
2435 1297 2536 1349 pretii
2546 1294 2717 1337 aedificata
2724 1292 2789 1343 est,
2799 1304 2966 1345 tantoque

874 1349 980 1389 Auro
988 1348 1085 1388 intus
1094 1348 1185 1389 nitet
1199 1379 1210 1398 ,
1223 1359 1263 1388 ut
1274 1361 1366 1401 pene
1382 1349 1588 1391 incredibile
1605 1352 1778 1393 videatur.
1823 1356 1921 1391 Ante
1931 1352 2019 1392 hanc
2028 1353 2151 1392 aulam
2163 1352 2201 1391 in
2211 1351 2357 1403 planitie
2367 1350 2604 1404 pulcherrima
2626 1380 2637 1398 ‚
2651 1348 2753 1399 jussit
2763 1346 2852 1399 erigi
2860 1346 2965 1387 Thea·

873 1409 973 1441 trum
984 1401 1032 1440 ad
1041 1402 1200 1454 agendas
1229 1402 1462 1445 Comoedias:
1478 1405 1664 1457 utrimque
1680 1418 1765 1444 vero
1774 1406 1956 1445 nonnullo
1966 1406 2149 1445 intervallo
2161 1404 2311 1444 divulsas
2322 1415 2434 1443 turres
2447 1404 2551 1443 binas
2562 1403 2674 1442 trium
2683 1411 2886 1452 quatuorve
2895 1413 2966 1439 con-

872 1453 1139 1506 tignationum.
1170 1454 1289 1498 Multa
1305 1455 1362 1495 hic
1374 1467 1541 1507 praetereo
1551 1457 1716 1498 brevitati
1728 1458 1884 1498 studens.
1898 1459 1934 1497 Li
1965 1458 2205 1510 ueisplerique
2222 1459 2276 1497 ob
2287 1458 2433 1496 crebros
2446 1467 2671 1496 terraemotus
2683 1453 2853 1505 ,quidam
2864 1464 2968 1493 tamen

871 1506 921 1548 ab
929 1505 1008 1546 imo
1019 1506 1170 1564 lapideis
1184 1518 1333 1548 utuntur
1342 1508 1480 1549 aedibus
1490 1539 1504 1559 ,
1521 1511 1699 1564 elegantia
1711 1514 1745 1549 &
1754 1522 1825 1551 arte
1833 1470 1995 1551 visemiis.
2026 1512 2142 1551 Meaci
2159 1524 2172 1550 1
2184 1524 2197 1550 ι
2209 1525 2219 1549 ι
2230 1541 2239 1550 .
2253 1514 2323 1549 Vm
2335 1512 2352 1563 (
2364 1511 2428 1562 qui
2439 1510 2552 1548 torius
2567 1508 2684 1561 Regni
2695 1506 2875 1547 Primores
2892 1505 2968 1545 iuni-

870 1570 978 1600 mum
994 1559 1242 1613 Magistratum
1254 1561 1503 1614 constituunt)
1518 1563 1658 1618 degunt
1671 1580 1680 1602 a
1707 1575 1814 1615 penes
1825 1576 1926 1614 quos
1937 1563 2077 1604 summa
2087 1564 2135 1604 est
2152 1576 2270 1603 rerum
2281 1563 2614 1603 constituendarum
2628 1559 2801 1613 potestas.
2832 1560 2967 1605 Primus,

869 1611 939 1665 qui
949 1613 1049 1652 Zau
1059 1612 1206 1654 dicitur.
1238 1614 1420 1655 Pontificis
1434 1615 1540 1657 instar
1550 1646 1560 1660 ,
1573 1617 1692 1670 praeest
1702 1616 1814 1658 sacris.
1830 1617 2013 1657 Secundus
2032 1620 2099 1655 Voo
2107 1616 2344 1670 dignitatibus
2359 1620 2394 1656 &
2409 1616 2629 1655 honoribus.
2648 1613 2790 1653 Tertius
2801 1611 2968 1652 Cubacama

868 1664 950 1719 paci
963 1668 999 1704 δι
1009 1665 1121 1707 bello.
1143 1670 1188 1707 In
1202 1680 1225 1707 v
1239 1678 1359 1708 autem
1367 1667 1515 1708 ordines
1524 1668 1631 1710 divisa
1642 1682 1732 1724 gens
1740 1670 1802 1712 est:
1817 1682 1979 1722 quorum
1989 1671 2129 1722 primus
2137 1682 2267 1710 eorum
2276 1670 2337 1721 qui
2349 1681 2432 1709 cum
2454 1671 2608 1720 imperio
2620 1666 2909 1717 sunt‚rerumquc
2917 1679 2970 1718 po-

870 1720 1013 1759 tiuntur
1026 1732 1036 1757 ε
1049 1717 1155 1761 hosce
1164 1720 1504 1762 conununiomnes
1518 1724 1672 1764 nornine
1691 1724 1797 1763 Tonas
1809 1734 2020 1775 nuncupant
2036 1738 2045 1762 :
2062 1735 2291 1775 quamquam
2304 1724 2395 1762 inter
2406 1723 2502 1774 iplos
2520 1723 2652 1760 Tonos
2672 1720 2732 1759 alii
2742 1718 2829 1759 dein
2840 1719 2968 1761 existant

870 1769 1060 1824 dignitatis
1067 1771 1203 1826 gradus
1213 1804 1226 1825 ‚
1238 1774 1289 1814 uti
1296 1773 1396 1828 apud
1404 1786 1475 1816 nos
1482 1777 1643 1830 Regum,
1656 1776 2083 1826 Ducum,Marchionum
2096 1780 2129 1815 ἃ
2142 1776 2350 1817 Comitum.
2383 1777 2482 1815 Alter
2491 1772 2589 1815 ordo
2597 1785 2727 1813 eorum
2738 1772 2788 1813 est
2800 1804 2812 1824 ‚
2820 1772 2885 1826 qui
2898 1784 2966 1826 gen.

867 1824 1026 1883 §gillius
1035 1834 1235 1890 procurant
1246 1825 1339 1890 iacta
1359 1858 1373 1879 ,
1395 1829 1512 1883 capite
1519 1841 1702 1875 acmento
1719 1828 1864 1887 prorsus
1880 1827 2031 1887 abraso:
2044 1830 2217 1873 Caelibem
2233 1830 2272 1874 hi
2283 1828 2502 1885 profitentur
2520 1828 2648 1871 vitam.
2682 1825 2797 1873 varia
2813 1837 2856 1869 ac
2867 1826 2967 1867 multa

1242 1888 1246 1890 ’
1834 1887 1841 1916 .'
1920 1886 1924 1889 ’
2734 1911 2738 1915 -
2855 1890 2955 1923 nume
