<?xml version="1.0" encoding="UTF-8"?>
<!DOCTYPE html PUBLIC "-//W3C//DTD XHTML 1.0 Transitional//EN"
    "http://www.w3.org/TR/xhtml1/DTD/xhtml1-transitional.dtd">
<html xmlns="http://www.w3.org/1999/xhtml" xml:lang="en" lang="en">
 <head>
  <title>
</title>
<meta http-equiv="Content-Type" content="text/html;charset=utf-8" />
  <meta name='ocr-system' content='tesseract 3.04.00' />
  <meta name='ocr-capabilities' content='ocr_page ocr_carea ocr_par ocr_line ocrx_word'/>
</head>
<body>
  <div class='ocr_page' id='page_1' title='image "./cihm_18267/cihm_18267_0577.png"; bbox 0 0 3228 2352; ppageno 0'>
   <div class='ocr_carea' id='block_1_1' title="bbox 0 0 660 247">
    <p class='ocr_par' dir='ltr' id='par_1_1' title="bbox 0 0 660 247">
     <span class='ocr_line' id='line_1_1' title="bbox 0 0 660 247; baseline 0 0"><span class='ocrx_word' id='word_1_1' title='bbox 0 0 660 247; x_wconf 95' lang='lat' dir='ltr'>  </span> 
     </span>
    </p>
   </div>
   <div class='ocr_carea' id='block_1_2' title="bbox 3196 0 3220 58">
    <p class='ocr_par' dir='ltr' id='par_1_2' title="bbox 3196 0 3220 58">
     <span class='ocr_line' id='line_1_2' title="bbox 3196 0 3220 58; baseline 0 2294"><span class='ocrx_word' id='word_1_2' title='bbox 3196 0 3220 58; x_wconf 95' lang='lat' dir='ltr'> </span> 
     </span>
    </p>
   </div>
   <div class='ocr_carea' id='block_1_3' title="bbox 1007 139 3220 217">
    <p class='ocr_par' dir='ltr' id='par_1_3' title="bbox 1007 139 3220 217">
     <span class='ocr_line' id='line_1_3' title="bbox 1007 139 3220 217; baseline -0.005 -1"><span class='ocrx_word' id='word_1_3' title='bbox 1007 162 1092 217; x_wconf 84' lang='lat'>&#39;550</span> <span class='ocrx_word' id='word_1_4' title='bbox 1277 156 1312 199; x_wconf 47' lang='grc' dir='ltr'><em>Ἀ</em></span> <span class='ocrx_word' id='word_1_5' title='bbox 1990 139 2180 211; x_wconf 81' lang='lat' dir='ltr'>Stiria.</span> <span class='ocrx_word' id='word_1_6' title='bbox 3169 200 3220 205; x_wconf 85' lang='grc'><strong>,</strong></span> 
     </span>
    </p>
   </div>
   <div class='ocr_carea' id='block_1_4' title="bbox 3200 207 3216 218">
    <p class='ocr_par' dir='ltr' id='par_1_4' title="bbox 3200 207 3216 218">
     <span class='ocr_line' id='line_1_4' title="bbox 3200 207 3216 218; baseline 0 2134"><span class='ocrx_word' id='word_1_7' title='bbox 3200 207 3216 218; x_wconf 95' lang='lat' dir='ltr'> </span> 
     </span>
    </p>
   </div>
   <div class='ocr_carea' id='block_1_5' title="bbox 705 218 3065 397">
    <p class='ocr_par' dir='ltr' id='par_1_5' title="bbox 705 218 3065 397">
     <span class='ocr_line' id='line_1_5' title="bbox 705 218 3065 397; baseline 0.001 -122"><span class='ocrx_word' id='word_1_8' title='bbox 705 224 800 285; x_wconf 58' lang='lat' dir='ltr'>&#39;ngr&#39;o</span> <span class='ocrx_word' id='word_1_9' title='bbox 808 218 982 265; x_wconf 54' lang='lat' dir='ltr'>&#39;nd‘d‘ffi</span> <span class='ocrx_word' id='word_1_10' title='bbox 1012 233 1151 397; x_wconf 69' lang='grc' dir='ltr'>ΞΤ</span> <span class='ocrx_word' id='word_1_11' title='bbox 1164 244 1180 274; x_wconf 81' lang='lat' dir='ltr'>t</span> <span class='ocrx_word' id='word_1_12' title='bbox 1195 246 1220 274; x_wconf 70' lang='lat' dir='ltr'>n</span> <span class='ocrx_word' id='word_1_13' title='bbox 1232 243 1248 273; x_wconf 85' lang='grc' dir='ltr'><strong>ι</strong></span> <span class='ocrx_word' id='word_1_14' title='bbox 1264 245 1289 274; x_wconf 72' lang='grc' dir='ltr'><strong>Α</strong></span> <span class='ocrx_word' id='word_1_15' title='bbox 1299 243 1327 275; x_wconf 72' lang='lat' dir='ltr'>u</span> <span class='ocrx_word' id='word_1_16' title='bbox 1346 230 1457 285; x_wconf 84' lang='lat' dir='ltr'>vulgo</span> <span class='ocrx_word' id='word_1_17' title='bbox 1472 232 1671 282; x_wconf 44' lang='lat' dir='ltr'>stimans,</span> <span class='ocrx_word' id='word_1_18' title='bbox 1689 245 1708 273; x_wconf 79' lang='lat' dir='ltr'>a</span> <span class='ocrx_word' id='word_1_19' title='bbox 1718 234 1837 273; x_wconf 79' lang='lat' dir='ltr'>Tauro</span> <span class='ocrx_word' id='word_1_20' title='bbox 1848 232 1981 272; x_wconf 65' lang='lat' dir='ltr'>dietam</span> <span class='ocrx_word' id='word_1_21' title='bbox 1992 232 2055 273; x_wconf 82' lang='lat' dir='ltr'>effe</span> <span class='ocrx_word' id='word_1_22' title='bbox 2066 235 2123 274; x_wconf 83' lang='lat' dir='ltr'>vix</span> <span class='ocrx_word' id='word_1_23' title='bbox 2142 231 2294 273; x_wconf 86' lang='lat' dir='ltr'>dubium</span> <span class='ocrx_word' id='word_1_24' title='bbox 2305 230 2354 272; x_wconf 83' lang='lat' dir='ltr'>est</span> <span class='ocrx_word' id='word_1_25' title='bbox 2364 263 2374 280; x_wconf 87' lang='lat'><strong>‚</strong></span> <span class='ocrx_word' id='word_1_26' title='bbox 2392 232 2448 273; x_wconf 90' lang='lat' dir='ltr'>cui</span> <span class='ocrx_word' id='word_1_27' title='bbox 2466 233 2633 285; x_wconf 88' lang='lat' dir='ltr'>opinioni</span> <span class='ocrx_word' id='word_1_28' title='bbox 2658 231 2839 273; x_wconf 84' lang='lat' dir='ltr'>subscribit</span> <span class='ocrx_word' id='word_1_29' title='bbox 2858 235 2962 275; x_wconf 84' lang='lat' dir='ltr'>etiarn</span> <span class='ocrx_word' id='word_1_30' title='bbox 2978 238 3065 291; x_wconf 75' lang='lat' dir='ltr'>AEgi.</span> 
     </span>
    </p>
   </div>
   <div class='ocr_carea' id='block_1_6' title="bbox 0 247 3172 526">
    <p class='ocr_par' dir='ltr' id='par_1_6' title="bbox 0 247 3172 526">
     <span class='ocr_line' id='line_1_6' title="bbox 0 247 3172 526; baseline 0 -40"><span class='ocrx_word' id='word_1_31' title='bbox 0 247 461 526; x_wconf 95' lang='lat' dir='ltr'>  </span> <span class='ocrx_word' id='word_1_32' title='bbox 3086 459 3172 486; x_wconf 95' lang='lat' dir='ltr'> </span> 
     </span>
    </p>
   </div>
   <div class='ocr_carea' id='block_1_7' title="bbox 702 1197 804 1236">
    <p class='ocr_par' dir='ltr' id='par_1_7' title="bbox 702 1197 804 1236">
     <span class='ocr_line' id='line_1_7' title="bbox 702 1197 804 1236; baseline -0.01 0"><span class='ocrx_word' id='word_1_33' title='bbox 702 1197 804 1236; x_wconf 76' lang='lat' dir='ltr'>Situs.</span> 
     </span>
    </p>
   </div>
   <div class='ocr_carea' id='block_1_8' title="bbox 692 1322 915 1373">
    <p class='ocr_par' dir='ltr' id='par_1_8' title="bbox 692 1322 915 1373">
     <span class='ocr_line' id='line_1_8' title="bbox 692 1322 915 1373; baseline 0 -11"><span class='ocrx_word' id='word_1_34' title='bbox 692 1323 753 1363; x_wconf 82' lang='lat' dir='ltr'>Soli</span> <span class='ocrx_word' id='word_1_35' title='bbox 762 1322 915 1373; x_wconf 75' lang='lat' dir='ltr'>qualitas.</span> 
     </span>
    </p>
   </div>
   <div class='ocr_carea' id='block_1_9' title="bbox 691 1550 971 1646">
    <p class='ocr_par' dir='ltr' id='par_1_9' title="bbox 691 1550 971 1646">
     <span class='ocr_line' id='line_1_9' title="bbox 691 1550 971 1605; baseline 0.004 -15"><span class='ocrx_word' id='word_1_36' title='bbox 691 1550 866 1605; x_wconf 78' lang='lat' dir='ltr'><em>Imperium</em></span> <span class='ocrx_word' id='word_1_37' title='bbox 872 1550 971 1604; x_wconf 82' lang='lat' dir='ltr'>majo-</span> 
     </span>
     <span class='ocr_line' id='line_1_10' title="bbox 694 1617 781 1646; baseline -0.023 0"><span class='ocrx_word' id='word_1_38' title='bbox 694 1617 765 1646; x_wconf 64' lang='lat' dir='ltr'>Vm</span> <span class='ocrx_word' id='word_1_39' title='bbox 770 1632 781 1644; x_wconf 74' lang='grc' dir='ltr'><strong><em>ο</em></strong></span> 
     </span>
    </p>
   </div>
   <div class='ocr_carea' id='block_1_10' title="bbox 999 257 3181 1813">
    <p class='ocr_par' dir='ltr' id='par_1_10' title="bbox 1123 257 3181 341">
     <span class='ocr_line' id='line_1_11' title="bbox 1123 257 3181 341; baseline 0.002 -14"><span class='ocrx_word' id='word_1_40' title='bbox 1123 288 1204 328; x_wconf 88' lang='lat' dir='ltr'>dius</span> <span class='ocrx_word' id='word_1_41' title='bbox 1211 284 1393 326; x_wconf 69' lang='lat' dir='ltr'>”rschudus</span> <span class='ocrx_word' id='word_1_42' title='bbox 1410 300 1418 323; x_wconf 88' lang='lat'>:</span> <span class='ocrx_word' id='word_1_43' title='bbox 1433 285 1495 324; x_wconf 91' lang='lat' dir='ltr'>ubi</span> <span class='ocrx_word' id='word_1_44' title='bbox 1504 285 1606 325; x_wconf 82' lang='lat' dir='ltr'>refert</span> <span class='ocrx_word' id='word_1_45' title='bbox 1617 298 1660 325; x_wconf 87' lang='lat' dir='ltr'>ex</span> <span class='ocrx_word' id='word_1_46' title='bbox 1675 286 1807 333; x_wconf 82' lang='lat' dir='ltr'>Plinio,</span> <span class='ocrx_word' id='word_1_47' title='bbox 1819 287 2001 325; x_wconf 86' lang='lat' dir='ltr'>Catonem</span> <span class='ocrx_word' id='word_1_48' title='bbox 2019 286 2214 338; x_wconf 86' lang='lat' dir='ltr'>Lepontios</span> <span class='ocrx_word' id='word_1_49' title='bbox 2227 289 2259 324; x_wconf 88' lang='lat'><strong>&amp;</strong></span> <span class='ocrx_word' id='word_1_50' title='bbox 2271 285 2417 325; x_wconf 82' lang='lat' dir='ltr'>Salass&#39;os</span> <span class='ocrx_word' id='word_1_51' title='bbox 2425 287 2578 326; x_wconf 81' lang='lat' dir='ltr'>Tauricae</span> <span class='ocrx_word' id='word_1_52' title='bbox 2590 289 2707 339; x_wconf 86' lang='lat' dir='ltr'>gentis</span> <span class='ocrx_word' id='word_1_53' title='bbox 2716 286 2896 328; x_wconf 71' lang='lat' dir='ltr'>asseverare</span> <span class='ocrx_word' id='word_1_54' title='bbox 2911 304 2920 325; x_wconf 85' lang='grc'><strong>;</strong></span> <span class='ocrx_word' id='word_1_55' title='bbox 2933 289 2950 339; x_wconf 96' lang='grc'><strong>(</strong></span> <span class='ocrx_word' id='word_1_56' title='bbox 2962 290 3065 341; x_wconf 89' lang='lat' dir='ltr'>inquit</span> <span class='ocrx_word' id='word_1_57' title='bbox 3145 295 3155 309; x_wconf 89' lang='lat'>&#39;·</span> <span class='ocrx_word' id='word_1_58' title='bbox 3170 257 3181 328; x_wconf 68' lang='lat' dir='ltr'>i</span> 
     </span>
    </p>

    <p class='ocr_par' dir='ltr' id='par_1_11' title="bbox 1122 333 3174 392">
     <span class='ocr_line' id='line_1_12' title="bbox 1122 333 3174 392; baseline -0.002 -12"><span class='ocrx_word' id='word_1_59' title='bbox 1122 340 1219 380; x_wconf 83' lang='lat' dir='ltr'>enim</span> <span class='ocrx_word' id='word_1_60' title='bbox 1234 339 1440 392; x_wconf 88' lang='lat' dir='ltr'>:)Fuerunt</span> <span class='ocrx_word' id='word_1_61' title='bbox 1460 348 1578 377; x_wconf 87' lang='lat' dir='ltr'>autem</span> <span class='ocrx_word' id='word_1_62' title='bbox 1597 338 1748 379; x_wconf 84' lang='lat' dir='ltr'>Taurisci</span> <span class='ocrx_word' id='word_1_63' title='bbox 1764 338 1811 378; x_wconf 82' lang='lat' dir='ltr'>issi</span> <span class='ocrx_word' id='word_1_64' title='bbox 1833 338 1932 378; x_wconf 85' lang='lat' dir='ltr'>Galli</span> <span class='ocrx_word' id='word_1_65' title='bbox 1949 368 1960 386; x_wconf 94' lang='lat'>‚</span> <span class='ocrx_word' id='word_1_66' title='bbox 1986 351 2144 390; x_wconf 88' lang='lat' dir='ltr'>quorum</span> <span class='ocrx_word' id='word_1_67' title='bbox 2164 351 2186 377; x_wconf 89' lang='lat' dir='ltr'>n</span> <span class='ocrx_word' id='word_1_68' title='bbox 2199 338 2262 376; x_wconf 54' lang='lat' dir='ltr'>ttio</span> <span class='ocrx_word' id='word_1_69' title='bbox 2279 340 2315 376; x_wconf 87' lang='lat' dir='ltr'>in</span> <span class='ocrx_word' id='word_1_70' title='bbox 2329 337 2580 389; x_wconf 85' lang='lat' dir='ltr'>antiquissimis</span> <span class='ocrx_word' id='word_1_71' title='bbox 2591 341 2786 381; x_wconf 82' lang='lat' dir='ltr'>Gallorum</span> <span class='ocrx_word' id='word_1_72' title='bbox 2809 340 2932 391; x_wconf 78' lang='lat' dir='ltr'>praeliis</span> <span class='ocrx_word' id='word_1_73' title='bbox 2948 343 3063 384; x_wconf 81' lang='lat' dir='ltr'>Sedem</span> <span class='ocrx_word' id='word_1_74' title='bbox 3165 333 3174 376; x_wconf 81' lang='grc' dir='ltr'>Ι</span> 
     </span>
    </p>

    <p class='ocr_par' dir='ltr' id='par_1_12' title="bbox 999 389 3181 1813">
     <span class='ocr_line' id='line_1_13' title="bbox 1122 389 3066 446; baseline 0 -15"><span class='ocrx_word' id='word_1_75' title='bbox 1122 392 1311 432; x_wconf 91' lang='lat' dir='ltr'>collocavit</span> <span class='ocrx_word' id='word_1_76' title='bbox 1319 390 1408 429; x_wconf 82' lang='lat' dir='ltr'>ultra</span> <span class='ocrx_word' id='word_1_77' title='bbox 1421 391 1548 442; x_wconf 85' lang='lat' dir='ltr'>Alpes,</span> <span class='ocrx_word' id='word_1_78' title='bbox 1567 390 1752 443; x_wconf 85' lang='lat' dir='ltr'>dequibus</span> <span class='ocrx_word' id='word_1_79' title='bbox 1763 391 1931 443; x_wconf 84' lang='lat' dir='ltr'>Polybius</span> <span class='ocrx_word' id='word_1_80' title='bbox 1948 389 2005 433; x_wconf 83' lang='lat' dir='ltr'>lib.</span> <span class='ocrx_word' id='word_1_81' title='bbox 2025 403 2038 430; x_wconf 80' lang='grc' dir='ltr'><strong><em>ι</em></strong></span> <span class='ocrx_word' id='word_1_82' title='bbox 2052 402 2066 430; x_wconf 78' lang='lat' dir='ltr'>i</span> <span class='ocrx_word' id='word_1_83' title='bbox 2084 390 2130 430; x_wconf 92' lang='lat' dir='ltr'>de</span> <span class='ocrx_word' id='word_1_84' title='bbox 2143 391 2241 435; x_wconf 85' lang='lat' dir='ltr'>Bello</span> <span class='ocrx_word' id='word_1_85' title='bbox 2258 390 2401 431; x_wconf 91' lang='lat' dir='ltr'>Gallico</span> <span class='ocrx_word' id='word_1_86' title='bbox 2412 391 2459 430; x_wconf 85' lang='lat' dir='ltr'>fic</span> <span class='ocrx_word' id='word_1_87' title='bbox 2474 391 2590 430; x_wconf 86' lang='lat' dir='ltr'>scribit</span> <span class='ocrx_word' id='word_1_88' title='bbox 2610 406 2620 429; x_wconf 74' lang='grc' dir='ltr'><strong><em>ε</em></strong></span> <span class='ocrx_word' id='word_1_89' title='bbox 2640 394 2682 430; x_wconf 89' lang='lat' dir='ltr'>In</span> <span class='ocrx_word' id='word_1_90' title='bbox 2692 391 2845 443; x_wconf 84' lang='lat' dir='ltr'>Alpibus</span> <span class='ocrx_word' id='word_1_91' title='bbox 2856 392 2902 430; x_wconf 85' lang='lat' dir='ltr'>ab</span> <span class='ocrx_word' id='word_1_92' title='bbox 2924 403 3066 446; x_wconf 79' lang='lat' dir='ltr'>utroque</span> 
     </span>
     <span class='ocr_line' id='line_1_14' title="bbox 1005 441 3068 498; baseline -0 -13"><span class='ocrx_word' id='word_1_93' title='bbox 1005 447 1115 488; x_wconf 74' lang='lat' dir='ltr'>latere</span> <span class='ocrx_word' id='word_1_94' title='bbox 1126 441 1296 485; x_wconf 87' lang='lat' dir='ltr'>montosa</span> <span class='ocrx_word' id='word_1_95' title='bbox 1308 442 1471 483; x_wconf 90' lang='lat' dir='ltr'>habitant</span> <span class='ocrx_word' id='word_1_96' title='bbox 1491 442 1537 481; x_wconf 91' lang='lat' dir='ltr'>ad</span> <span class='ocrx_word' id='word_1_97' title='bbox 1548 456 1625 482; x_wconf 91' lang='lat' dir='ltr'>eam</span> <span class='ocrx_word' id='word_1_98' title='bbox 1642 454 1779 496; x_wconf 85' lang='lat' dir='ltr'>partem</span> <span class='ocrx_word' id='word_1_99' title='bbox 1800 456 1875 495; x_wconf 83' lang='lat' dir='ltr'>quae</span> <span class='ocrx_word' id='word_1_100' title='bbox 1887 441 2001 482; x_wconf 88' lang='lat' dir='ltr'>versus</span> <span class='ocrx_word' id='word_1_101' title='bbox 2012 441 2238 487; x_wconf 85' lang='lat' dir='ltr'>Rhodanum</span> <span class='ocrx_word' id='word_1_102' title='bbox 2254 447 2288 482; x_wconf 88' lang='lat'><strong>&amp;</strong></span> <span class='ocrx_word' id='word_1_103' title='bbox 2303 443 2588 494; x_wconf 84' lang='lat' dir='ltr'>Septentrionem</span> <span class='ocrx_word' id='word_1_104' title='bbox 2602 443 2733 495; x_wconf 59' lang='lat' dir='ltr'>spectat</span> <span class='ocrx_word' id='word_1_105' title='bbox 2754 474 2764 489; x_wconf 80' lang='grc'>,</span> <span class='ocrx_word' id='word_1_106' title='bbox 2780 444 2867 481; x_wconf 81' lang='lat' dir='ltr'>Galli</span> <span class='ocrx_word' id='word_1_107' title='bbox 2877 445 2940 496; x_wconf 88' lang='lat' dir='ltr'>qui</span> <span class='ocrx_word' id='word_1_108' title='bbox 2958 445 3068 498; x_wconf 80' lang='lat' dir='ltr'>Trans.</span> 
     </span>
     <span class='ocr_line' id='line_1_15' title="bbox 1006 495 3066 551; baseline 0 -13"><span class='ocrx_word' id='word_1_109' title='bbox 1006 500 1101 551; x_wconf 78' lang='lat' dir='ltr'>alpini</span> <span class='ocrx_word' id='word_1_110' title='bbox 1111 497 1332 549; x_wconf 87' lang='lat' dir='ltr'>appellantur</span> <span class='ocrx_word' id='word_1_111' title='bbox 1346 509 1355 537; x_wconf 84' lang='grc'>;</span> <span class='ocrx_word' id='word_1_112' title='bbox 1371 495 1418 536; x_wconf 86' lang='lat' dir='ltr'>ad</span> <span class='ocrx_word' id='word_1_113' title='bbox 1426 507 1505 535; x_wconf 88' lang='lat' dir='ltr'>eam</span> <span class='ocrx_word' id='word_1_114' title='bbox 1518 508 1600 535; x_wconf 89' lang='lat' dir='ltr'>vero</span> <span class='ocrx_word' id='word_1_115' title='bbox 1612 508 1690 547; x_wconf 74' lang='lat' dir='ltr'>quze</span> <span class='ocrx_word' id='word_1_116' title='bbox 1698 496 1832 548; x_wconf 89' lang='lat' dir='ltr'>campis</span> <span class='ocrx_word' id='word_1_117' title='bbox 1852 495 2016 535; x_wconf 89' lang='lat' dir='ltr'>imminet</span> <span class='ocrx_word' id='word_1_118' title='bbox 2026 496 2197 546; x_wconf 78' lang='lat' dir='ltr'>Taurisci,</span> <span class='ocrx_word' id='word_1_119' title='bbox 2206 499 2355 548; x_wconf 64' lang='lat' dir='ltr'>cAgones</span> <span class='ocrx_word' id='word_1_120' title='bbox 2370 499 2403 534; x_wconf 67' lang='grc' dir='ltr'>ἃ</span> <span class='ocrx_word' id='word_1_121' title='bbox 2413 496 2478 535; x_wconf 90' lang='lat' dir='ltr'>alia</span> <span class='ocrx_word' id='word_1_122' title='bbox 2494 497 2663 548; x_wconf 84' lang='lat' dir='ltr'>pleraque</span> <span class='ocrx_word' id='word_1_123' title='bbox 2685 495 2921 536; x_wconf 85' lang='lat' dir='ltr'>Barbarorum</span> <span class='ocrx_word' id='word_1_124' title='bbox 2940 508 3066 549; x_wconf 82' lang='lat' dir='ltr'>genera,</span> 
     </span>
     <span class='ocr_line' id='line_1_16' title="bbox 1006 547 3067 602; baseline 0.001 -14"><span class='ocrx_word' id='word_1_125' title='bbox 1006 549 1168 602; x_wconf 81' lang='lat' dir='ltr'>aquibus</span> <span class='ocrx_word' id='word_1_126' title='bbox 1175 547 1422 599; x_wconf 82' lang='lat' dir='ltr'>Trans-Alpini</span> <span class='ocrx_word' id='word_1_127' title='bbox 1434 560 1509 587; x_wconf 89' lang='lat' dir='ltr'>non</span> <span class='ocrx_word' id='word_1_128' title='bbox 1519 548 1655 600; x_wconf 87' lang='lat' dir='ltr'>generei</span> <span class='ocrx_word' id='word_1_129' title='bbox 1667 577 1678 592; x_wconf 96' lang='lat'><em>‚</em></span> <span class='ocrx_word' id='word_1_130' title='bbox 1702 547 1758 587; x_wconf 92' lang='lat' dir='ltr'>sed</span> <span class='ocrx_word' id='word_1_131' title='bbox 1769 548 1967 588; x_wconf 83' lang='lat' dir='ltr'>differentia</span> <span class='ocrx_word' id='word_1_132' title='bbox 1978 547 2045 587; x_wconf 88' lang='lat' dir='ltr'>loci</span> <span class='ocrx_word' id='word_1_133' title='bbox 2062 548 2230 588; x_wconf 86' lang='lat' dir='ltr'>differunt</span> <span class='ocrx_word' id='word_1_134' title='bbox 2242 578 2252 595; x_wconf 86' lang='lat'>‚</span> <span class='ocrx_word' id='word_1_135' title='bbox 2263 547 2346 587; x_wconf 85' lang='lat' dir='ltr'>idco</span> <span class='ocrx_word' id='word_1_136' title='bbox 2361 548 2608 600; x_wconf 84' lang='lat' dir='ltr'>Trans-Alpini</span> <span class='ocrx_word' id='word_1_137' title='bbox 2620 548 2703 587; x_wconf 64' lang='lat' dir='ltr'>dieti</span> <span class='ocrx_word' id='word_1_138' title='bbox 2715 547 2838 599; x_wconf 83' lang='lat' dir='ltr'>,quod</span> <span class='ocrx_word' id='word_1_139' title='bbox 2858 560 2953 588; x_wconf 88' lang='lat' dir='ltr'>trans</span> <span class='ocrx_word' id='word_1_140' title='bbox 2971 553 3067 591; x_wconf 86' lang='lat' dir='ltr'>Mon-</span> 
     </span>
     <span class='ocr_line' id='line_1_17' title="bbox 1006 599 3066 653; baseline -0.002 -11"><span class='ocrx_word' id='word_1_141' title='bbox 1006 613 1062 642; x_wconf 82' lang='lat' dir='ltr'>tes</span> <span class='ocrx_word' id='word_1_142' title='bbox 1084 602 1205 641; x_wconf 85' lang='lat' dir='ltr'>colant</span> <span class='ocrx_word' id='word_1_143' title='bbox 1217 604 1294 641; x_wconf 85' lang='lat' dir='ltr'>&amp;c.</span> <span class='ocrx_word' id='word_1_144' title='bbox 1312 600 1380 638; x_wconf 66' lang='lat' dir='ltr'>Isti</span> <span class='ocrx_word' id='word_1_145' title='bbox 1398 600 1540 647; x_wconf 70' lang='lat' dir='ltr'>Taurisci</span> <span class='ocrx_word' id='word_1_146' title='bbox 1550 600 1667 652; x_wconf 85' lang='lat' dir='ltr'>postea</span> <span class='ocrx_word' id='word_1_147' title='bbox 1684 601 1898 652; x_wconf 77' lang='lat' dir='ltr'>emigrantes</span> <span class='ocrx_word' id='word_1_148' title='bbox 1910 631 1922 648; x_wconf 90' lang='lat'>,</span> <span class='ocrx_word' id='word_1_149' title='bbox 1939 601 2004 640; x_wconf 90' lang='lat' dir='ltr'>alia</span> <span class='ocrx_word' id='word_1_150' title='bbox 2012 599 2220 651; x_wconf 81' lang='lat' dir='ltr'>quaefierunt</span> <span class='ocrx_word' id='word_1_151' title='bbox 2240 601 2319 639; x_wconf 87' lang='lat' dir='ltr'>loca</span> <span class='ocrx_word' id='word_1_152' title='bbox 2330 632 2339 648; x_wconf 87' lang='lat'><em>,</em></span> <span class='ocrx_word' id='word_1_153' title='bbox 2352 612 2684 652; x_wconf 86' lang='lat' dir='ltr'>occupaveruntque</span> <span class='ocrx_word' id='word_1_154' title='bbox 2702 602 2886 653; x_wconf 84' lang='lat' dir='ltr'>regionem</span> <span class='ocrx_word' id='word_1_155' title='bbox 2905 612 2978 652; x_wconf 81' lang='lat' dir='ltr'>quae</span> <span class='ocrx_word' id='word_1_156' title='bbox 2997 615 3066 643; x_wconf 86' lang='lat' dir='ltr'>mo.</span> 
     </span>
     <span class='ocr_line' id='line_1_18' title="bbox 1008 651 3065 707; baseline 0 -13"><span class='ocrx_word' id='word_1_157' title='bbox 1008 654 1063 694; x_wconf 92' lang='lat' dir='ltr'>do</span> <span class='ocrx_word' id='word_1_158' title='bbox 1075 654 1287 694; x_wconf 88' lang='lat' dir='ltr'>Comitatus</span> <span class='ocrx_word' id='word_1_159' title='bbox 1307 654 1428 707; x_wconf 70' lang='lat' dir='ltr'>quenz</span> <span class='ocrx_word' id='word_1_160' title='bbox 1443 654 1637 705; x_wconf 89' lang='lat' dir='ltr'>appellatur</span> <span class='ocrx_word' id='word_1_161' title='bbox 1649 682 1660 697; x_wconf 90' lang='lat'><em>‚</em></span> <span class='ocrx_word' id='word_1_162' title='bbox 1678 665 1720 692; x_wconf 87' lang='lat' dir='ltr'>ac</span> <span class='ocrx_word' id='word_1_163' title='bbox 1734 652 1861 693; x_wconf 86' lang='lat' dir='ltr'>deinde</span> <span class='ocrx_word' id='word_1_164' title='bbox 1880 651 2117 705; x_wconf 60' lang='lat' dir='ltr'>profestisunt</span> <span class='ocrx_word' id='word_1_165' title='bbox 2140 653 2177 692; x_wconf 89' lang='lat' dir='ltr'>in</span> <span class='ocrx_word' id='word_1_166' title='bbox 2196 652 2336 692; x_wconf 83' lang='lat' dir='ltr'>stiriam</span> <span class='ocrx_word' id='word_1_167' title='bbox 2348 680 2359 695; x_wconf 91' lang='lat'>,</span> <span class='ocrx_word' id='word_1_168' title='bbox 2381 665 2515 692; x_wconf 88' lang='lat' dir='ltr'>nomen</span> <span class='ocrx_word' id='word_1_169' title='bbox 2536 652 2636 692; x_wconf 89' lang='lat' dir='ltr'>suum</span> <span class='ocrx_word' id='word_1_170' title='bbox 2653 654 2702 692; x_wconf 88' lang='lat' dir='ltr'>illi</span> <span class='ocrx_word' id='word_1_171' title='bbox 2714 664 2808 695; x_wconf 84' lang='lat' dir='ltr'>terrae</span> <span class='ocrx_word' id='word_1_172' title='bbox 2829 653 3065 704; x_wconf 83' lang='lat' dir='ltr'>relinquentes.</span> 
     </span>
     <span class='ocr_line' id='line_1_19' title="bbox 1005 704 3065 759; baseline 0.001 -14"><span class='ocrx_word' id='word_1_173' title='bbox 1005 705 1189 759; x_wconf 83' lang='lat' dir='ltr'>Significat</span> <span class='ocrx_word' id='word_1_174' title='bbox 1199 706 1296 745; x_wconf 90' lang='lat' dir='ltr'>enim</span> <span class='ocrx_word' id='word_1_175' title='bbox 1307 706 1443 746; x_wconf 87' lang='lat' dir='ltr'>Taurus</span> <span class='ocrx_word' id='word_1_176' title='bbox 1454 706 1648 745; x_wconf 87' lang='lat' dir='ltr'>Germanis</span> <span class='ocrx_word' id='word_1_177' title='bbox 1658 707 1756 745; x_wconf 83' lang='lat' dir='ltr'>Smr.</span> <span class='ocrx_word' id='word_1_178' title='bbox 1786 706 1967 745; x_wconf 67' lang='lat' dir='ltr'>Fuderunt</span> <span class='ocrx_word' id='word_1_179' title='bbox 1979 704 2009 744; x_wconf 88' lang='lat' dir='ltr'>se</span> <span class='ocrx_word' id='word_1_180' title='bbox 2025 716 2175 756; x_wconf 91' lang='lat' dir='ltr'>quoque</span> <span class='ocrx_word' id='word_1_181' title='bbox 2187 705 2223 744; x_wconf 88' lang='lat' dir='ltr'>in</span> <span class='ocrx_word' id='word_1_182' title='bbox 2237 704 2410 744; x_wconf 84' lang='lat' dir='ltr'>Austriam</span> <span class='ocrx_word' id='word_1_183' title='bbox 2422 736 2432 752; x_wconf 85' lang='lat'>‚</span> <span class='ocrx_word' id='word_1_184' title='bbox 2444 708 2478 744; x_wconf 84' lang='lat'>&amp;</span> <span class='ocrx_word' id='word_1_185' title='bbox 2488 706 2727 758; x_wconf 67' lang='lat' dir='ltr'>Hungarimm</span> <span class='ocrx_word' id='word_1_186' title='bbox 2737 706 2782 745; x_wconf 82' lang='lat' dir='ltr'>de</span> <span class='ocrx_word' id='word_1_187' title='bbox 2795 717 2869 756; x_wconf 88' lang='lat' dir='ltr'>qua</span> <span class='ocrx_word' id='word_1_188' title='bbox 2885 718 2921 744; x_wconf 88' lang='lat' dir='ltr'>re</span> <span class='ocrx_word' id='word_1_189' title='bbox 2933 706 2987 745; x_wconf 87' lang='lat' dir='ltr'>hic</span> <span class='ocrx_word' id='word_1_190' title='bbox 3001 721 3065 747; x_wconf 90' lang='lat' dir='ltr'>non</span> 
     </span>
     <span class='ocr_line' id='line_1_20' title="bbox 1005 755 3065 809; baseline 0.001 -12"><span class='ocrx_word' id='word_1_191' title='bbox 1005 759 1165 798; x_wconf 86' lang='lat' dir='ltr'>esslocus</span> <span class='ocrx_word' id='word_1_192' title='bbox 1176 756 1373 799; x_wconf 64' lang='lat' dir='ltr'>disserendi.</span> <span class='ocrx_word' id='word_1_193' title='bbox 1430 759 1511 799; x_wconf 82' lang='lat' dir='ltr'>Haec</span> <span class='ocrx_word' id='word_1_194' title='bbox 1523 758 1722 797; x_wconf 71' lang='lat' dir='ltr'>illestiriam</span> <span class='ocrx_word' id='word_1_195' title='bbox 1741 771 1821 798; x_wconf 81' lang='lat' dir='ltr'>vcro</span> <span class='ocrx_word' id='word_1_196' title='bbox 1839 759 1998 796; x_wconf 76' lang='lat' dir='ltr'>Valeriam</span> <span class='ocrx_word' id='word_1_197' title='bbox 2009 758 2098 796; x_wconf 92' lang='lat' dir='ltr'>olim</span> <span class='ocrx_word' id='word_1_198' title='bbox 2117 758 2248 809; x_wconf 69' lang='lat' dir='ltr'>distam</span> <span class='ocrx_word' id='word_1_199' title='bbox 2268 756 2363 796; x_wconf 82' lang='lat' dir='ltr'>fiiisse</span> <span class='ocrx_word' id='word_1_200' title='bbox 2383 755 2564 796; x_wconf 85' lang='lat' dir='ltr'>affirmant</span> <span class='ocrx_word' id='word_1_201' title='bbox 2585 759 2774 807; x_wconf 82' lang='lat' dir='ltr'>nonnulli,</span> <span class='ocrx_word' id='word_1_202' title='bbox 2795 758 2910 809; x_wconf 81' lang='lat' dir='ltr'>sicque</span> <span class='ocrx_word' id='word_1_203' title='bbox 2926 761 3065 809; x_wconf 84' lang='lat' dir='ltr'>appella-</span> 
     </span>
     <span class='ocr_line' id='line_1_21' title="bbox 1005 809 3065 862; baseline 0 -12"><span class='ocrx_word' id='word_1_204' title='bbox 1005 821 1084 852; x_wconf 83' lang='lat' dir='ltr'>tam</span> <span class='ocrx_word' id='word_1_205' title='bbox 1095 810 1189 850; x_wconf 76' lang='lat' dir='ltr'>fniffe</span> <span class='ocrx_word' id='word_1_206' title='bbox 1209 811 1245 850; x_wconf 91' lang='lat' dir='ltr'>in</span> <span class='ocrx_word' id='word_1_207' title='bbox 1269 811 1448 850; x_wconf 83' lang='lat' dir='ltr'>honorem</span> <span class='ocrx_word' id='word_1_208' title='bbox 1463 811 1602 851; x_wconf 75' lang='lat' dir='ltr'>valerice</span> <span class='ocrx_word' id='word_1_209' title='bbox 1616 810 1832 853; x_wconf 87' lang='lat' dir='ltr'>Diocletiani</span> <span class='ocrx_word' id='word_1_210' title='bbox 1845 810 1935 850; x_wconf 79' lang='lat' dir='ltr'>Filia:</span> <span class='ocrx_word' id='word_1_211' title='bbox 1953 810 2288 862; x_wconf 75' lang='lat' dir='ltr'>,quemadmodum</span> <span class='ocrx_word' id='word_1_212' title='bbox 2311 810 2533 849; x_wconf 83' lang='lat' dir='ltr'>Marcellinus</span> <span class='ocrx_word' id='word_1_213' title='bbox 2546 812 2728 851; x_wconf 63' lang='lat' dir='ltr'>memoria·</span> <span class='ocrx_word' id='word_1_214' title='bbox 2746 809 2929 862; x_wconf 88' lang='lat' dir='ltr'>prodidit:</span> <span class='ocrx_word' id='word_1_215' title='bbox 2947 812 2989 849; x_wconf 82' lang='lat' dir='ltr'>Et</span> <span class='ocrx_word' id='word_1_216' title='bbox 3007 816 3065 851; x_wconf 77' lang='lat' dir='ltr'>Au-</span> 
     </span>
     <span class='ocr_line' id='line_1_22' title="bbox 1006 857 3128 917; baseline 0 -14"><span class='ocrx_word' id='word_1_217' title='bbox 1006 864 1111 903; x_wconf 86' lang='lat' dir='ltr'>relius</span> <span class='ocrx_word' id='word_1_218' title='bbox 1120 864 1243 903; x_wconf 70' lang='lat' dir='ltr'>Victor</span> <span class='ocrx_word' id='word_1_219' title='bbox 1252 862 1297 902; x_wconf 93' lang='lat' dir='ltr'>de</span> <span class='ocrx_word' id='word_1_220' title='bbox 1305 862 1512 902; x_wconf 81' lang='lat' dir='ltr'>Caesaribus.</span> <span class='ocrx_word' id='word_1_221' title='bbox 1541 865 1794 904; x_wconf 83' lang='lat' dir='ltr'>volaterranus</span> <span class='ocrx_word' id='word_1_222' title='bbox 1806 876 1892 903; x_wconf 86' lang='lat' dir='ltr'>vero</span> <span class='ocrx_word' id='word_1_223' title='bbox 1907 857 2061 915; x_wconf 68' lang='lat' dir='ltr'>Jupidmm</span> <span class='ocrx_word' id='word_1_224' title='bbox 2071 863 2205 903; x_wconf 64' lang='lat' dir='ltr'>difiam</span> <span class='ocrx_word' id='word_1_225' title='bbox 2218 872 2318 913; x_wconf 85' lang='lat' dir='ltr'>putat</span> <span class='ocrx_word' id='word_1_226' title='bbox 2340 877 2347 899; x_wconf 90' lang='lat'><strong>:</strong></span> <span class='ocrx_word' id='word_1_227' title='bbox 2366 863 2421 901; x_wconf 87' lang='lat' dir='ltr'>Sic</span> <span class='ocrx_word' id='word_1_228' title='bbox 2431 875 2530 901; x_wconf 88' lang='lat' dir='ltr'>enim</span> <span class='ocrx_word' id='word_1_229' title='bbox 2542 860 2658 903; x_wconf 86' lang='lat' dir='ltr'>scribit</span> <span class='ocrx_word' id='word_1_230' title='bbox 2670 862 2733 903; x_wconf 84' lang='lat' dir='ltr'>lib.</span> <span class='ocrx_word' id='word_1_231' title='bbox 2751 877 2771 902; x_wconf 93' lang='lat' dir='ltr'>v</span> <span class='ocrx_word' id='word_1_232' title='bbox 2784 875 2847 901; x_wconf 86' lang='lat'>111</span> <span class='ocrx_word' id='word_1_233' title='bbox 2862 864 3062 915; x_wconf 83' lang='lat' dir='ltr'>Geograpli.</span> <span class='ocrx_word' id='word_1_234' title='bbox 3125 910 3128 917; x_wconf 38' lang='lat'>¹</span> 
     </span>
     <span class='ocr_line' id='line_1_23' title="bbox 1007 910 3126 1008; baseline 0.001 -54"><span class='ocrx_word' id='word_1_235' title='bbox 1007 915 1176 955; x_wconf 88' lang='lat' dir='ltr'>Proxima</span> <span class='ocrx_word' id='word_1_236' title='bbox 1189 910 1405 1008; x_wconf 53' lang='grc' dir='ltr'>ὴυίεξαρὶάια</span> <span class='ocrx_word' id='word_1_237' title='bbox 1416 926 1544 966; x_wconf 87' lang='lat' dir='ltr'>,quam</span> <span class='ocrx_word' id='word_1_238' title='bbox 1561 917 1694 954; x_wconf 61' lang='lat' dir='ltr'>stiriam</span> <span class='ocrx_word' id='word_1_239' title='bbox 1711 928 1804 955; x_wconf 88' lang='lat' dir='ltr'>nunc</span> <span class='ocrx_word' id='word_1_240' title='bbox 1816 925 1963 963; x_wconf 88' lang='lat' dir='ltr'>vocant,</span> <span class='ocrx_word' id='word_1_241' title='bbox 1975 915 2052 954; x_wconf 89' lang='lat' dir='ltr'>licet</span> <span class='ocrx_word' id='word_1_242' title='bbox 2074 917 2156 955; x_wconf 89' lang='lat' dir='ltr'>Pius</span> <span class='ocrx_word' id='word_1_243' title='bbox 2180 914 2341 954; x_wconf 79' lang='lat' dir='ltr'>Pontifex</span> <span class='ocrx_word' id='word_1_244' title='bbox 2352 927 2431 955; x_wconf 83' lang='lat' dir='ltr'>eam</span> <span class='ocrx_word' id='word_1_245' title='bbox 2451 915 2625 955; x_wconf 82' lang='lat' dir='ltr'>Valeriani</span> <span class='ocrx_word' id='word_1_246' title='bbox 2639 927 2740 966; x_wconf 84' lang='lat' dir='ltr'>putat</span> <span class='ocrx_word' id='word_1_247' title='bbox 2757 930 2765 953; x_wconf 74' lang='grc' dir='ltr'><strong><em>ε</em></strong></span> <span class='ocrx_word' id='word_1_248' title='bbox 2782 927 2855 967; x_wconf 88' lang='lat' dir='ltr'>ego</span> <span class='ocrx_word' id='word_1_249' title='bbox 2867 928 2996 953; x_wconf 71' lang='lat' dir='ltr'>veroex</span> <span class='ocrx_word' id='word_1_250' title='bbox 3013 918 3060 955; x_wconf 81' lang='lat' dir='ltr'>de·</span> <span class='ocrx_word' id='word_1_251' title='bbox 3121 946 3126 956; x_wconf 81' lang='grc'><strong><em>,</em></strong></span> 
     </span>
     <span class='ocr_line' id='line_1_24' title="bbox 1006 967 3122 1020; baseline 0.001 -14"><span class='ocrx_word' id='word_1_252' title='bbox 1006 968 1195 1019; x_wconf 86' lang='lat' dir='ltr'>scriptione</span> <span class='ocrx_word' id='word_1_253' title='bbox 1211 969 1263 1006; x_wconf 82' lang='lat' dir='ltr'>Ru</span> <span class='ocrx_word' id='word_1_254' title='bbox 1302 970 1479 1016; x_wconf 68' lang='lat' dir='ltr'>,Valeriam</span> <span class='ocrx_word' id='word_1_255' title='bbox 1493 969 1615 1020; x_wconf 91' lang='lat' dir='ltr'>potius</span> <span class='ocrx_word' id='word_1_256' title='bbox 1630 969 1788 1019; x_wconf 60' lang='lat' dir='ltr'>[mattam</span> <span class='ocrx_word' id='word_1_257' title='bbox 1806 967 1974 1011; x_wconf 84' lang='lat' dir='ltr'>dixerim,</span> <span class='ocrx_word' id='word_1_258' title='bbox 1989 968 2079 1007; x_wconf 85' lang='lat' dir='ltr'>inter</span> <span class='ocrx_word' id='word_1_259' title='bbox 2096 968 2356 1007; x_wconf 79' lang='lat' dir='ltr'>Danubium&amp;</span> <span class='ocrx_word' id='word_1_260' title='bbox 2375 969 2548 1007; x_wconf 87' lang='lat' dir='ltr'>Dravum.</span> <span class='ocrx_word' id='word_1_261' title='bbox 2603 968 2864 1007; x_wconf 62' lang='lat' dir='ltr'>flacit-misine.</span> <span class='ocrx_word' id='word_1_262' title='bbox 2884 970 2916 1006; x_wconf 88' lang='lat' dir='ltr'>Si</span> <span class='ocrx_word' id='word_1_263' title='bbox 2930 969 3060 1019; x_wconf 80' lang='lat' dir='ltr'>priore·</span> <span class='ocrx_word' id='word_1_264' title='bbox 3119 997 3122 1001; x_wconf 83' lang='lat'><em>-</em></span> 
     </span>
     <span class='ocr_line' id='line_1_25' title="bbox 1006 1014 3121 1076; baseline -0.001 -18"><span class='ocrx_word' id='word_1_265' title='bbox 1006 1020 1108 1072; x_wconf 87' lang='lat' dir='ltr'>pinio</span> <span class='ocrx_word' id='word_1_266' title='bbox 1117 1032 1194 1059; x_wconf 84' lang='lat' dir='ltr'>vera</span> <span class='ocrx_word' id='word_1_267' title='bbox 1203 1020 1264 1060; x_wconf 85' lang='lat' dir='ltr'>est.</span> <span class='ocrx_word' id='word_1_268' title='bbox 1296 1018 1435 1076; x_wconf 75' lang='lat' dir='ltr'>Qados</span> <span class='ocrx_word' id='word_1_269' title='bbox 1447 1020 1641 1072; x_wconf 86' lang='lat' dir='ltr'>aliquando</span> <span class='ocrx_word' id='word_1_270' title='bbox 1652 1021 1724 1060; x_wconf 83' lang='lat' dir='ltr'>haec</span> <span class='ocrx_word' id='word_1_271' title='bbox 1735 1022 1811 1061; x_wconf 86' lang='lat' dir='ltr'>loca</span> <span class='ocrx_word' id='word_1_272' title='bbox 1821 1020 1978 1063; x_wconf 84' lang='lat' dir='ltr'>tenuiss&#39;c,</span> <span class='ocrx_word' id='word_1_273' title='bbox 1993 1033 2035 1058; x_wconf 91' lang='lat' dir='ltr'>ex</span> <span class='ocrx_word' id='word_1_274' title='bbox 2047 1033 2093 1059; x_wconf 91' lang='lat' dir='ltr'>eo</span> <span class='ocrx_word' id='word_1_275' title='bbox 2108 1032 2204 1072; x_wconf 79' lang='lat' dir='ltr'>paret</span> <span class='ocrx_word' id='word_1_276' title='bbox 2217 1052 2228 1069; x_wconf 93' lang='lat'>,</span> <span class='ocrx_word' id='word_1_277' title='bbox 2239 1021 2340 1071; x_wconf 81' lang='lat' dir='ltr'>quod</span> <span class='ocrx_word' id='word_1_278' title='bbox 2350 1023 2474 1059; x_wconf 85' lang='lat' dir='ltr'>Sextus</span> <span class='ocrx_word' id='word_1_279' title='bbox 2490 1018 2602 1059; x_wconf 83' lang='lat' dir='ltr'>Rufus</span> <span class='ocrx_word' id='word_1_280' title='bbox 2610 1019 2726 1063; x_wconf 89' lang='lat' dir='ltr'>scribit</span> <span class='ocrx_word' id='word_1_281' title='bbox 2737 1019 2799 1061; x_wconf 91' lang='lat' dir='ltr'>sub</span> <span class='ocrx_word' id='word_1_282' title='bbox 2817 1021 2908 1058; x_wconf 89' lang='lat' dir='ltr'>lulio</span> <span class='ocrx_word' id='word_1_283' title='bbox 2917 1052 2926 1067; x_wconf 86' lang='lat'><em>,</em></span> <span class='ocrx_word' id='word_1_284' title='bbox 2943 1023 3061 1059; x_wconf 58' lang='lat' dir='ltr'>illari-0.</span> <span class='ocrx_word' id='word_1_285' title='bbox 3117 1014 3121 1023; x_wconf 86' lang='lat'><em>&#39;</em></span> 
     </span>
     <span class='ocr_line' id='line_1_26' title="bbox 1004 1070 3062 1126; baseline 0.002 -17"><span class='ocrx_word' id='word_1_286' title='bbox 1004 1087 1133 1113; x_wconf 70' lang='lat' dir='ltr'>mznnos</span> <span class='ocrx_word' id='word_1_287' title='bbox 1146 1075 1181 1111; x_wconf 76' lang='grc' dir='ltr'>δι</span> <span class='ocrx_word' id='word_1_288' title='bbox 1197 1070 1336 1126; x_wconf 72' lang='lat' dir='ltr'>Qaedos</span> <span class='ocrx_word' id='word_1_289' title='bbox 1356 1072 1403 1112; x_wconf 91' lang='lat' dir='ltr'>de</span> <span class='ocrx_word' id='word_1_290' title='bbox 1416 1072 1505 1112; x_wconf 88' lang='lat' dir='ltr'>locis</span> <span class='ocrx_word' id='word_1_291' title='bbox 1515 1075 1637 1112; x_wconf 67' lang='lat' dir='ltr'>Valet-ix</span> <span class='ocrx_word' id='word_1_292' title='bbox 1648 1073 1814 1126; x_wconf 73' lang='lat' dir='ltr'>quatiunt</span> <span class='ocrx_word' id='word_1_293' title='bbox 1828 1074 1923 1113; x_wconf 88' lang='lat' dir='ltr'>inter</span> <span class='ocrx_word' id='word_1_294' title='bbox 1942 1073 2199 1112; x_wconf 87' lang='lat' dir='ltr'>Danubium&amp;</span> <span class='ocrx_word' id='word_1_295' title='bbox 2212 1075 2371 1112; x_wconf 80' lang='lat' dir='ltr'>Dravum</span> <span class='ocrx_word' id='word_1_296' title='bbox 2381 1072 2527 1113; x_wconf 85' lang='lat' dir='ltr'>fluvium</span> <span class='ocrx_word' id='word_1_297' title='bbox 2539 1071 2658 1122; x_wconf 82' lang='lat' dir='ltr'>pulsos</span> <span class='ocrx_word' id='word_1_298' title='bbox 2666 1072 2744 1112; x_wconf 79' lang='lat' dir='ltr'>ess&#39;e.</span> <span class='ocrx_word' id='word_1_299' title='bbox 2804 1073 2857 1111; x_wconf 70' lang='lat' dir='ltr'>12.st</span> <span class='ocrx_word' id='word_1_300' title='bbox 2868 1085 2947 1111; x_wconf 83' lang='lat' dir='ltr'>vcro</span> <span class='ocrx_word' id='word_1_301' title='bbox 2963 1077 2994 1111; x_wconf 68' lang='grc' dir='ltr'>ἃ</span> <span class='ocrx_word' id='word_1_302' title='bbox 3007 1075 3062 1113; x_wconf 75' lang='lat' dir='ltr'>hac</span> 
     </span>
     <span class='ocr_line' id='line_1_27' title="bbox 1003 1124 3062 1178; baseline 0 -14"><span class='ocrx_word' id='word_1_303' title='bbox 1003 1126 1103 1177; x_wconf 84' lang='lat' dir='ltr'>regio</span> <span class='ocrx_word' id='word_1_304' title='bbox 1121 1124 1246 1164; x_wconf 83' lang='lat' dir='ltr'>Norici</span> <span class='ocrx_word' id='word_1_305' title='bbox 1258 1124 1508 1165; x_wconf 80' lang='lat' dir='ltr'>Mediterranei</span> <span class='ocrx_word' id='word_1_306' title='bbox 1521 1138 1613 1178; x_wconf 86' lang='lat' dir='ltr'>pars,</span> <span class='ocrx_word' id='word_1_307' title='bbox 1623 1125 1941 1177; x_wconf 81' lang='lat' dir='ltr'>quemadmodum</span> <span class='ocrx_word' id='word_1_308' title='bbox 1954 1131 1985 1164; x_wconf 55' lang='grc' dir='ltr'><strong>ἃ</strong></span> <span class='ocrx_word' id='word_1_309' title='bbox 1995 1125 2193 1168; x_wconf 80' lang='lat' dir='ltr'>Carintliia,</span> <span class='ocrx_word' id='word_1_310' title='bbox 2205 1129 2237 1163; x_wconf 67' lang='lat'>8&lt;</span> <span class='ocrx_word' id='word_1_311' title='bbox 2251 1125 2371 1175; x_wconf 68' lang='lat' dir='ltr'>lllyrici</span> <span class='ocrx_word' id='word_1_312' title='bbox 2386 1125 2575 1177; x_wconf 84' lang='lat' dir='ltr'>provinciis</span> <span class='ocrx_word' id='word_1_313' title='bbox 2587 1124 3062 1166; x_wconf 73' lang='lat' dir='ltr'>adnuineranda.Germaniae</span> 
     </span>
     <span class='ocr_line' id='line_1_28' title="bbox 1001 1176 3119 1232; baseline -0 -17"><span class='ocrx_word' id='word_1_314' title='bbox 1001 1190 1151 1229; x_wconf 81' lang='lat' dir='ltr'>quoque</span> <span class='ocrx_word' id='word_1_315' title='bbox 1166 1178 1337 1230; x_wconf 77' lang='lat' dir='ltr'>posterius</span> <span class='ocrx_word' id='word_1_316' title='bbox 1347 1176 1502 1217; x_wconf 85' lang='lat' dir='ltr'>accessit.</span> <span class='ocrx_word' id='word_1_317' title='bbox 1557 1179 1840 1232; x_wconf 81' lang='lat' dir='ltr'>conregionales</span> <span class='ocrx_word' id='word_1_318' title='bbox 1857 1178 1970 1217; x_wconf 84' lang='lat' dir='ltr'>Stiriis</span> <span class='ocrx_word' id='word_1_319' title='bbox 1980 1177 2057 1217; x_wconf 90' lang='lat' dir='ltr'>sunt</span> <span class='ocrx_word' id='word_1_320' title='bbox 2076 1177 2122 1217; x_wconf 87' lang='lat' dir='ltr'>ad</span> <span class='ocrx_word' id='word_1_321' title='bbox 2136 1180 2272 1218; x_wconf 85' lang='lat' dir='ltr'>Ortum</span> <span class='ocrx_word' id='word_1_322' title='bbox 2284 1178 2432 1228; x_wconf 74' lang='lat' dir='ltr'>quidem</span> <span class='ocrx_word' id='word_1_323' title='bbox 2446 1178 2608 1229; x_wconf 80' lang='lat' dir='ltr'>Hungari</span> <span class='ocrx_word' id='word_1_324' title='bbox 2621 1208 2630 1224; x_wconf 87' lang='lat'>,</span> <span class='ocrx_word' id='word_1_325' title='bbox 2646 1177 2692 1216; x_wconf 91' lang='lat' dir='ltr'>ad</span> <span class='ocrx_word' id='word_1_326' title='bbox 2705 1177 2891 1216; x_wconf 86' lang='lat' dir='ltr'>Meridiem</span> <span class='ocrx_word' id='word_1_327' title='bbox 2912 1179 3062 1219; x_wconf 84' lang='lat' dir='ltr'>Carniola</span> <span class='ocrx_word' id='word_1_328' title='bbox 3109 1181 3119 1214; x_wconf 70' lang='grc' dir='ltr'>,ι’</span> 
     </span>
     <span class='ocr_line' id='line_1_29' title="bbox 1001 1228 3181 1282; baseline 0 -12"><span class='ocrx_word' id='word_1_329' title='bbox 1001 1231 1205 1281; x_wconf 84' lang='lat' dir='ltr'>Carniaque</span> <span class='ocrx_word' id='word_1_330' title='bbox 1219 1244 1227 1267; x_wconf 90' lang='lat'>:</span> <span class='ocrx_word' id='word_1_331' title='bbox 1241 1230 1287 1269; x_wconf 84' lang='lat' dir='ltr'>ad</span> <span class='ocrx_word' id='word_1_332' title='bbox 1301 1228 1539 1270; x_wconf 84' lang='lat' dir='ltr'>Occidentem</span> <span class='ocrx_word' id='word_1_333' title='bbox 1548 1232 1730 1271; x_wconf 85' lang='lat' dir='ltr'>Carintbia</span> <span class='ocrx_word' id='word_1_334' title='bbox 1746 1243 1837 1282; x_wconf 89' lang='lat' dir='ltr'>:qua</span> <span class='ocrx_word' id='word_1_335' title='bbox 1846 1230 2046 1281; x_wconf 87' lang='lat' dir='ltr'>Septentrio</span> <span class='ocrx_word' id='word_1_336' title='bbox 2063 1229 2111 1269; x_wconf 89' lang='lat' dir='ltr'>est</span> <span class='ocrx_word' id='word_1_337' title='bbox 2122 1230 2286 1278; x_wconf 82' lang='lat' dir='ltr'>,Austria.</span> <span class='ocrx_word' id='word_1_338' title='bbox 2324 1232 2430 1270; x_wconf 72' lang='lat' dir='ltr'>Terra</span> <span class='ocrx_word' id='word_1_339' title='bbox 2441 1229 2598 1280; x_wconf 85' lang='lat' dir='ltr'>undique</span> <span class='ocrx_word' id='word_1_340' title='bbox 2607 1231 2801 1269; x_wconf 82' lang='lat' dir='ltr'>Montibus</span> <span class='ocrx_word' id='word_1_341' title='bbox 2815 1230 2929 1269; x_wconf 81' lang='lat' dir='ltr'>obsita</span> <span class='ocrx_word' id='word_1_342' title='bbox 2942 1241 3060 1281; x_wconf 80' lang='lat' dir='ltr'>praeter·</span> <span class='ocrx_word' id='word_1_343' title='bbox 3107 1236 3116 1270; x_wconf 71' lang='grc' dir='ltr'>’ἑ</span> <span class='ocrx_word' id='word_1_344' title='bbox 3163 1230 3181 1269; x_wconf 55' lang='grc' dir='ltr'>λ</span> 
     </span>
     <span class='ocr_line' id='line_1_30' title="bbox 1001 1280 3113 1336; baseline 0 -15"><span class='ocrx_word' id='word_1_345' title='bbox 1001 1294 1113 1334; x_wconf 87' lang='lat' dir='ltr'>quam</span> <span class='ocrx_word' id='word_1_346' title='bbox 1124 1294 1198 1334; x_wconf 85' lang='lat' dir='ltr'>qua</span> <span class='ocrx_word' id='word_1_347' title='bbox 1210 1282 1401 1323; x_wconf 86' lang='lat' dir='ltr'>Orientem</span> <span class='ocrx_word' id='word_1_348' title='bbox 1411 1282 1546 1334; x_wconf 82' lang='lat' dir='ltr'>respicit</span> <span class='ocrx_word' id='word_1_349' title='bbox 1554 1285 1673 1323; x_wconf 85' lang='lat' dir='ltr'>Solem</span> <span class='ocrx_word' id='word_1_350' title='bbox 1689 1314 1699 1331; x_wconf 90' lang='lat'>,</span> <span class='ocrx_word' id='word_1_351' title='bbox 1711 1283 1771 1323; x_wconf 89' lang='lat' dir='ltr'>ubi</span> <span class='ocrx_word' id='word_1_352' title='bbox 1783 1281 1933 1335; x_wconf 85' lang='lat' dir='ltr'>spaciosa</span> <span class='ocrx_word' id='word_1_353' title='bbox 1941 1283 1987 1322; x_wconf 86' lang='lat' dir='ltr'>est</span> <span class='ocrx_word' id='word_1_354' title='bbox 2000 1282 2240 1334; x_wconf 85' lang='lat' dir='ltr'>planicies.De</span> <span class='ocrx_word' id='word_1_355' title='bbox 2248 1284 2322 1333; x_wconf 77' lang='lat' dir='ltr'>ejus</span> <span class='ocrx_word' id='word_1_356' title='bbox 2335 1282 2511 1323; x_wconf 68' lang='lat' dir='ltr'>fertilitate</span> <span class='ocrx_word' id='word_1_357' title='bbox 2520 1295 2648 1334; x_wconf 87' lang='lat' dir='ltr'>parum</span> <span class='ocrx_word' id='word_1_358' title='bbox 2665 1283 2821 1335; x_wconf 81' lang='lat' dir='ltr'>polliceri</span> <span class='ocrx_word' id='word_1_359' title='bbox 2829 1282 2952 1321; x_wconf 83' lang='lat' dir='ltr'>auiim.</span> <span class='ocrx_word' id='word_1_360' title='bbox 2963 1283 3061 1336; x_wconf 82' lang='lat' dir='ltr'>Regio</span> <span class='ocrx_word' id='word_1_361' title='bbox 3110 1280 3113 1332; x_wconf 66' lang='lat' dir='ltr'><em>j</em></span> 
     </span>
     <span class='ocr_line' id='line_1_31' title="bbox 1001 1334 3110 1389; baseline -0 -16"><span class='ocrx_word' id='word_1_362' title='bbox 1001 1335 1151 1388; x_wconf 86' lang='lat' dir='ltr'>quidem</span> <span class='ocrx_word' id='word_1_363' title='bbox 1161 1334 1318 1376; x_wconf 89' lang='lat' dir='ltr'>uniuersa</span> <span class='ocrx_word' id='word_1_364' title='bbox 1329 1335 1475 1376; x_wconf 88' lang='lat' dir='ltr'>Mineris</span> <span class='ocrx_word' id='word_1_365' title='bbox 1487 1345 1613 1389; x_wconf 87' lang='lat' dir='ltr'>turget,</span> <span class='ocrx_word' id='word_1_366' title='bbox 1626 1348 1747 1376; x_wconf 80' lang='lat' dir='ltr'>verum</span> <span class='ocrx_word' id='word_1_367' title='bbox 1757 1336 1957 1389; x_wconf 84' lang='lat' dir='ltr'>Principum</span> <span class='ocrx_word' id='word_1_368' title='bbox 1969 1336 2101 1376; x_wconf 86' lang='lat' dir='ltr'>incuria</span> <span class='ocrx_word' id='word_1_369' title='bbox 2114 1336 2249 1388; x_wconf 70' lang='lat' dir='ltr'>pai-cius</span> <span class='ocrx_word' id='word_1_370' title='bbox 2259 1336 2410 1376; x_wconf 86' lang='lat' dir='ltr'>foditur.</span> <span class='ocrx_word' id='word_1_371' title='bbox 2443 1335 2671 1388; x_wconf 79' lang='lat' dir='ltr'>Argentarias</span> <span class='ocrx_word' id='word_1_372' title='bbox 2685 1336 2840 1374; x_wconf 68' lang='lat' dir='ltr'>fodinas</span> <span class='ocrx_word' id='word_1_373' title='bbox 2854 1336 2960 1374; x_wconf 82' lang='lat' dir='ltr'>habet</span> <span class='ocrx_word' id='word_1_374' title='bbox 2970 1337 3003 1373; x_wconf 90' lang='lat' dir='ltr'>in</span> <span class='ocrx_word' id='word_1_375' title='bbox 3013 1338 3060 1376; x_wconf 75' lang='lat' dir='ltr'>Al·</span> <span class='ocrx_word' id='word_1_376' title='bbox 3108 1364 3110 1372; x_wconf 77' lang='grc'>,</span> 
     </span>
     <span class='ocr_line' id='line_1_32' title="bbox 1003 1387 3108 1449; baseline 0 -22"><span class='ocrx_word' id='word_1_377' title='bbox 1003 1388 1112 1440; x_wconf 83' lang='lat' dir='ltr'>pibus</span> <span class='ocrx_word' id='word_1_378' title='bbox 1123 1399 1215 1439; x_wconf 90' lang='lat' dir='ltr'>quas</span> <span class='ocrx_word' id='word_1_379' title='bbox 1225 1387 1464 1449; x_wconf 70' lang='lat' dir='ltr'>Schu’enberger</span> <span class='ocrx_word' id='word_1_380' title='bbox 1474 1388 1580 1427; x_wconf 82' lang='lat' dir='ltr'>Alben</span> <span class='ocrx_word' id='word_1_381' title='bbox 1591 1387 1654 1441; x_wconf 83' lang='lat' dir='ltr'>ipfi</span> <span class='ocrx_word' id='word_1_382' title='bbox 1664 1388 2060 1441; x_wconf 87' lang='lat' dir='ltr'>nuncupant.Ferrarias</span> <span class='ocrx_word' id='word_1_383' title='bbox 2066 1389 2165 1438; x_wconf 83' lang='lat' dir='ltr'>juxta</span> <span class='ocrx_word' id='word_1_384' title='bbox 2174 1389 2278 1429; x_wconf 82' lang='lat' dir='ltr'>Anisu</span> <span class='ocrx_word' id='word_1_385' title='bbox 2284 1402 2319 1428; x_wconf 91' lang='lat' dir='ltr'>m</span> <span class='ocrx_word' id='word_1_386' title='bbox 2331 1388 2491 1429; x_wconf 84' lang='lat' dir='ltr'>fluvium.</span> <span class='ocrx_word' id='word_1_387' title='bbox 2515 1389 2601 1427; x_wconf 85' lang='lat' dir='ltr'>Salis</span> <span class='ocrx_word' id='word_1_388' title='bbox 2609 1400 2755 1439; x_wconf 88' lang='lat' dir='ltr'>quoqne</span> <span class='ocrx_word' id='word_1_389' title='bbox 2768 1389 2894 1438; x_wconf 79' lang='lat' dir='ltr'>ingens</span> <span class='ocrx_word' id='word_1_390' title='bbox 2906 1387 2962 1426; x_wconf 86' lang='lat' dir='ltr'>hic</span> <span class='ocrx_word' id='word_1_391' title='bbox 2973 1389 3057 1440; x_wconf 82' lang='lat' dir='ltr'>copia</span> <span class='ocrx_word' id='word_1_392' title='bbox 3099 1404 3108 1439; x_wconf 52' lang='lat' dir='ltr'><em>J</em></span> 
     </span>
     <span class='ocr_line' id='line_1_33' title="bbox 1002 1440 3106 1495; baseline -0.001 -15"><span class='ocrx_word' id='word_1_393' title='bbox 1002 1441 1169 1493; x_wconf 89' lang='lat' dir='ltr'>coquitur</span> <span class='ocrx_word' id='word_1_394' title='bbox 1180 1469 1189 1483; x_wconf 91' lang='lat'><em>‚</em></span> <span class='ocrx_word' id='word_1_395' title='bbox 1201 1452 1311 1492; x_wconf 89' lang='lat' dir='ltr'>quam</span> <span class='ocrx_word' id='word_1_396' title='bbox 1322 1440 1357 1481; x_wconf 88' lang='lat' dir='ltr'>in</span> <span class='ocrx_word' id='word_1_397' title='bbox 1367 1442 1450 1481; x_wconf 87' lang='lat' dir='ltr'>alias</span> <span class='ocrx_word' id='word_1_398' title='bbox 1458 1441 1621 1493; x_wconf 87' lang='lat' dir='ltr'>regiones</span> <span class='ocrx_word' id='word_1_399' title='bbox 1630 1452 1823 1494; x_wconf 87' lang='lat' dir='ltr'>exportant</span> <span class='ocrx_word' id='word_1_400' title='bbox 1835 1442 2038 1491; x_wconf 86' lang='lat' dir='ltr'>,aclucrum</span> <span class='ocrx_word' id='word_1_401' title='bbox 2051 1443 2178 1495; x_wconf 87' lang='lat' dir='ltr'>ingens</span> <span class='ocrx_word' id='word_1_402' title='bbox 2199 1443 2385 1494; x_wconf 88' lang='lat' dir='ltr'>recipiunt.</span> <span class='ocrx_word' id='word_1_403' title='bbox 2407 1440 2654 1481; x_wconf 70' lang='lat' dir='ltr'>Maschmtmrus</span> <span class='ocrx_word' id='word_1_404' title='bbox 2669 1443 2756 1479; x_wconf 90' lang='lat' dir='ltr'>olim</span> <span class='ocrx_word' id='word_1_405' title='bbox 2765 1441 2951 1479; x_wconf 73' lang='lat' dir='ltr'>Pannonia.-</span> <span class='ocrx_word' id='word_1_406' title='bbox 2960 1442 3057 1490; x_wconf 69' lang='lat' dir='ltr'>primae</span> <span class='ocrx_word' id='word_1_407' title='bbox 3104 1455 3106 1477; x_wconf 73' lang='grc' dir='ltr'><em>τ</em></span> 
     </span>
     <span class='ocr_line' id='line_1_34' title="bbox 1002 1492 3055 1546; baseline 0 -14"><span class='ocrx_word' id='word_1_408' title='bbox 1002 1504 1075 1533; x_wconf 87' lang='lat' dir='ltr'>erat</span> <span class='ocrx_word' id='word_1_409' title='bbox 1089 1524 1099 1541; x_wconf 91' lang='lat'>,</span> <span class='ocrx_word' id='word_1_410' title='bbox 1111 1492 1209 1532; x_wconf 88' lang='lat' dir='ltr'>unde</span> <span class='ocrx_word' id='word_1_411' title='bbox 1225 1494 1330 1533; x_wconf 83' lang='lat' dir='ltr'>Stiriae</span> <span class='ocrx_word' id='word_1_412' title='bbox 1344 1494 1499 1533; x_wconf 84' lang='lat' dir='ltr'>Marchia</span> <span class='ocrx_word' id='word_1_413' title='bbox 1511 1494 1605 1535; x_wconf 60' lang='lat' dir='ltr'>diaa</span> <span class='ocrx_word' id='word_1_414' title='bbox 1615 1495 1826 1534; x_wconf 84' lang='lat' dir='ltr'>fuit.Marca</span> <span class='ocrx_word' id='word_1_415' title='bbox 1836 1504 1957 1535; x_wconf 88' lang='lat' dir='ltr'>autem</span> <span class='ocrx_word' id='word_1_416' title='bbox 1969 1494 2134 1535; x_wconf 89' lang='lat' dir='ltr'>Limitem</span> <span class='ocrx_word' id='word_1_417' title='bbox 2146 1493 2328 1546; x_wconf 87' lang='lat' dir='ltr'>sonat:per</span> <span class='ocrx_word' id='word_1_418' title='bbox 2342 1496 2577 1534; x_wconf 70' lang='lat' dir='ltr'>limitaneum</span> <span class='ocrx_word' id='word_1_419' title='bbox 2590 1495 2708 1546; x_wconf 86' lang='lat' dir='ltr'>itaque</span> <span class='ocrx_word' id='word_1_420' title='bbox 2722 1497 2911 1533; x_wconf 79' lang='lat' dir='ltr'>Comitem</span> <span class='ocrx_word' id='word_1_421' title='bbox 2923 1493 3055 1532; x_wconf 84' lang='lat' dir='ltr'>admini-</span> 
     </span>
     <span class='ocr_line' id='line_1_35' title="bbox 1001 1545 3101 1601; baseline -0.001 -16"><span class='ocrx_word' id='word_1_422' title='bbox 1001 1545 1237 1590; x_wconf 85' lang='lat' dir='ltr'>strabatur,uti</span> <span class='ocrx_word' id='word_1_423' title='bbox 1248 1547 1370 1585; x_wconf 80' lang='lat' dir='ltr'>Lazius</span> <span class='ocrx_word' id='word_1_424' title='bbox 1381 1545 1729 1600; x_wconf 81' lang='lat' dir='ltr'>ostenditDeinceps</span> <span class='ocrx_word' id='word_1_425' title='bbox 1742 1549 1906 1588; x_wconf 82' lang='lat' dir='ltr'>Ducatus</span> <span class='ocrx_word' id='word_1_426' title='bbox 1914 1548 2056 1587; x_wconf 85' lang='lat' dir='ltr'>titulum</span> <span class='ocrx_word' id='word_1_427' title='bbox 2066 1546 2195 1599; x_wconf 89' lang='lat' dir='ltr'>adepta</span> <span class='ocrx_word' id='word_1_428' title='bbox 2204 1561 2263 1601; x_wconf 90' lang='lat' dir='ltr'>per</span> <span class='ocrx_word' id='word_1_429' title='bbox 2272 1548 2491 1588; x_wconf 67' lang='lat' dir='ltr'>fredericum</span> <span class='ocrx_word' id='word_1_430' title='bbox 2499 1545 2903 1595; x_wconf 76' lang='lat' dir='ltr'>Barbarollam,Auliiiis</span> <span class='ocrx_word' id='word_1_431' title='bbox 2913 1546 3055 1584; x_wconf 70' lang='lat' dir='ltr'>Ducibus</span> <span class='ocrx_word' id='word_1_432' title='bbox 3099 1581 3101 1590; x_wconf 78' lang='grc'>,</span> 
     </span>
     <span class='ocr_line' id='line_1_36' title="bbox 999 1597 3054 1654; baseline -0.001 -16"><span class='ocrx_word' id='word_1_433' title='bbox 999 1597 1157 1647; x_wconf 77' lang='lat' dir='ltr'>accessit,</span> <span class='ocrx_word' id='word_1_434' title='bbox 1171 1598 1304 1649; x_wconf 88' lang='lat' dir='ltr'>quibus</span> <span class='ocrx_word' id='word_1_435' title='bbox 1317 1600 1515 1639; x_wconf 84' lang='lat' dir='ltr'>etiamnum</span> <span class='ocrx_word' id='word_1_436' title='bbox 1525 1601 1794 1651; x_wconf 82' lang='lat' dir='ltr'>paret.vltimus</span> <span class='ocrx_word' id='word_1_437' title='bbox 1808 1600 1973 1641; x_wconf 86' lang='lat' dir='ltr'>Marchio</span> <span class='ocrx_word' id='word_1_438' title='bbox 1984 1600 2099 1642; x_wconf 67' lang='lat' dir='ltr'>dietus</span> <span class='ocrx_word' id='word_1_439' title='bbox 2114 1602 2180 1641; x_wconf 90' lang='lat' dir='ltr'>fuit</span> <span class='ocrx_word' id='word_1_440' title='bbox 2190 1604 2358 1640; x_wconf 70' lang='lat' dir='ltr'>Onomrm</span> <span class='ocrx_word' id='word_1_441' title='bbox 2371 1632 2381 1650; x_wconf 90' lang='lat'>‚</span> <span class='ocrx_word' id='word_1_442' title='bbox 2398 1601 2498 1648; x_wconf 83' lang='lat' dir='ltr'>cujus</span> <span class='ocrx_word' id='word_1_443' title='bbox 2512 1601 2633 1639; x_wconf 84' lang='lat' dir='ltr'>Filiam</span> <span class='ocrx_word' id='word_1_444' title='bbox 2645 1605 2746 1639; x_wconf 81' lang='lat' dir='ltr'>duxit</span> <span class='ocrx_word' id='word_1_445' title='bbox 2757 1610 2905 1638; x_wconf 85' lang='lat' dir='ltr'>uxorem</span> <span class='ocrx_word' id='word_1_446' title='bbox 2921 1598 3054 1654; x_wconf 62' lang='lat' dir='ltr'>Lupoldm</span> 
     </span>
     <span class='ocr_line' id='line_1_37' title="bbox 1000 1650 3053 1705; baseline -0.001 -14"><span class='ocrx_word' id='word_1_447' title='bbox 1000 1654 1086 1691; x_wconf 82' lang='lat' dir='ltr'>Dux</span> <span class='ocrx_word' id='word_1_448' title='bbox 1099 1650 1240 1690; x_wconf 81' lang='lat' dir='ltr'>Austriae</span> <span class='ocrx_word' id='word_1_449' title='bbox 1253 1683 1263 1700; x_wconf 93' lang='lat'>‚</span> <span class='ocrx_word' id='word_1_450' title='bbox 1275 1653 1334 1703; x_wconf 78' lang='lat' dir='ltr'>qui</span> <span class='ocrx_word' id='word_1_451' title='bbox 1348 1650 1514 1692; x_wconf 87' lang='lat' dir='ltr'>consensu</span> <span class='ocrx_word' id='word_1_452' title='bbox 1527 1654 1757 1705; x_wconf 85' lang='lat' dir='ltr'>Imperatoris</span> <span class='ocrx_word' id='word_1_453' title='bbox 1765 1654 1878 1694; x_wconf 59' lang='lat' dir='ltr'>fastus</span> <span class='ocrx_word' id='word_1_454' title='bbox 1886 1654 1934 1693; x_wconf 88' lang='lat' dir='ltr'>est</span> <span class='ocrx_word' id='word_1_455' title='bbox 1943 1655 2026 1693; x_wconf 84' lang='lat' dir='ltr'>Dux</span> <span class='ocrx_word' id='word_1_456' title='bbox 2038 1654 2308 1695; x_wconf 80' lang='lat' dir='ltr'>StiriaeDeinde</span> <span class='ocrx_word' id='word_1_457' title='bbox 2318 1651 2529 1693; x_wconf 82' lang='lat' dir='ltr'>successione</span> <span class='ocrx_word' id='word_1_458' title='bbox 2541 1652 2597 1692; x_wconf 88' lang='lat' dir='ltr'>illa</span> <span class='ocrx_word' id='word_1_459' title='bbox 2606 1651 2717 1691; x_wconf 86' lang='lat' dir='ltr'>rursus</span> <span class='ocrx_word' id='word_1_460' title='bbox 2728 1651 3053 1699; x_wconf 73' lang='lat' dir='ltr'>exstineta‚niileiuni</span> 
     </span>
     <span class='ocr_line' id='line_1_38' title="bbox 1000 1702 3050 1759; baseline -0.001 -16"><span class='ocrx_word' id='word_1_461' title='bbox 1000 1703 1232 1744; x_wconf 86' lang='lat' dir='ltr'>Provinciales</span> <span class='ocrx_word' id='word_1_462' title='bbox 1245 1704 1393 1756; x_wconf 80' lang='lat' dir='ltr'>quidam</span> <span class='ocrx_word' id='word_1_463' title='bbox 1403 1705 1439 1744; x_wconf 91' lang='lat' dir='ltr'>in</span> <span class='ocrx_word' id='word_1_464' title='bbox 1453 1706 1699 1749; x_wconf 82' lang='lat' dir='ltr'>Pavariam‚alii</span> <span class='ocrx_word' id='word_1_465' title='bbox 1708 1706 1743 1745; x_wconf 91' lang='lat' dir='ltr'>in</span> <span class='ocrx_word' id='word_1_466' title='bbox 1753 1707 2091 1759; x_wconf 84' lang='lat' dir='ltr'>Hungariam,cujus</span> <span class='ocrx_word' id='word_1_467' title='bbox 2101 1706 2414 1759; x_wconf 70' lang='lat' dir='ltr'>regnimoderator</span> <span class='ocrx_word' id='word_1_468' title='bbox 2426 1704 2517 1745; x_wconf 78' lang='lat' dir='ltr'>misit</span> <span class='ocrx_word' id='word_1_469' title='bbox 2527 1706 2656 1744; x_wconf 85' lang='lat' dir='ltr'>Filium</span> <span class='ocrx_word' id='word_1_470' title='bbox 2667 1704 2726 1744; x_wconf 75' lang='lat' dir='ltr'>suu</span> <span class='ocrx_word' id='word_1_471' title='bbox 2741 1720 2749 1741; x_wconf 89' lang='lat'>:</span> <span class='ocrx_word' id='word_1_472' title='bbox 2764 1702 2821 1743; x_wconf 90' lang='lat' dir='ltr'>sed</span> <span class='ocrx_word' id='word_1_473' title='bbox 2831 1715 2914 1743; x_wconf 88' lang='lat' dir='ltr'>curn</span> <span class='ocrx_word' id='word_1_474' title='bbox 2924 1703 2977 1742; x_wconf 92' lang='lat' dir='ltr'>ille</span> <span class='ocrx_word' id='word_1_475' title='bbox 2986 1704 3050 1741; x_wconf 82' lang='lat' dir='ltr'>vive-</span> 
     </span>
     <span class='ocr_line' id='line_1_39' title="bbox 1002 1754 3047 1813; baseline -0.002 -15"><span class='ocrx_word' id='word_1_476' title='bbox 1002 1767 1054 1798; x_wconf 90' lang='lat' dir='ltr'>ret</span> <span class='ocrx_word' id='word_1_477' title='bbox 1057 1756 1161 1806; x_wconf 84' lang='lat' dir='ltr'>juxta</span> <span class='ocrx_word' id='word_1_478' title='bbox 1180 1769 1304 1799; x_wconf 79' lang='lat' dir='ltr'>mores</span> <span class='ocrx_word' id='word_1_479' title='bbox 1319 1755 1420 1803; x_wconf 87' lang='lat' dir='ltr'>suos,</span> <span class='ocrx_word' id='word_1_480' title='bbox 1437 1757 1738 1813; x_wconf 80' lang='lat' dir='ltr'>intolerabilisque</span> <span class='ocrx_word' id='word_1_481' title='bbox 1758 1759 1981 1805; x_wconf 78' lang='lat' dir='ltr'>eisetstiriis.</span> <span class='ocrx_word' id='word_1_482' title='bbox 1994 1761 2136 1803; x_wconf 65' lang='lat' dir='ltr'>exaetus</span> <span class='ocrx_word' id='word_1_483' title='bbox 2146 1758 2239 1811; x_wconf 85' lang='lat' dir='ltr'>fuit,</span> <span class='ocrx_word' id='word_1_484' title='bbox 2251 1764 2286 1801; x_wconf 87' lang='lat'>&amp;</span> <span class='ocrx_word' id='word_1_485' title='bbox 2299 1771 2447 1803; x_wconf 82' lang='lat' dir='ltr'>vocatus</span> <span class='ocrx_word' id='word_1_486' title='bbox 2471 1759 2644 1799; x_wconf 77' lang='lat' dir='ltr'>ottocarus</span> <span class='ocrx_word' id='word_1_487' title='bbox 2664 1754 2757 1798; x_wconf 83' lang='lat' dir='ltr'>filius</span> <span class='ocrx_word' id='word_1_488' title='bbox 2778 1758 2870 1811; x_wconf 80' lang='lat' dir='ltr'>regis</span> <span class='ocrx_word' id='word_1_489' title='bbox 2884 1754 3047 1811; x_wconf 69' lang='lat' dir='ltr'>Boliemiae,</span> 
     </span>
    </p>
   </div>
   <div class='ocr_carea' id='block_1_11' title="bbox 3001 1819 3045 1860">
    <p class='ocr_par' dir='ltr' id='par_1_13' title="bbox 3001 1819 3045 1860">
     <span class='ocr_line' id='line_1_40' title="bbox 3001 1819 3045 1860; baseline 0 -13"><span class='ocrx_word' id='word_1_490' title='bbox 3001 1819 3045 1860; x_wconf 84' lang='lat' dir='ltr'>qui</span> 
     </span>
    </p>
   </div>
   <div class='ocr_carea' id='block_1_12' title="bbox 3196 378 3228 515">
    <p class='ocr_par' dir='ltr' id='par_1_14' title="bbox 3196 378 3228 515">
     <span class='ocr_line' id='line_1_41' title="bbox 3196 378 3228 515; baseline 0 1837"><span class='ocrx_word' id='word_1_491' title='bbox 3196 378 3228 515; x_wconf 95' lang='lat' dir='ltr'> </span> 
     </span>
    </p>
   </div>
   <div class='ocr_carea' id='block_1_13' title="bbox 0 486 3228 1573">
    <p class='ocr_par' dir='ltr' id='par_1_15' title="bbox 0 486 3228 1573">
     <span class='ocr_line' id='line_1_42' title="bbox 3084 486 3172 526; baseline 0 1826"><span class='ocrx_word' id='word_1_492' title='bbox 3084 486 3172 526; x_wconf 95' lang='lat' dir='ltr'> </span> 
     </span>
     <span class='ocr_line' id='line_1_43' title="bbox 0 526 3190 738; baseline 0 0"><span class='ocrx_word' id='word_1_493' title='bbox 0 526 468 738; x_wconf 95' lang='lat' dir='ltr'>    </span> <span class='ocrx_word' id='word_1_494' title='bbox 3080 526 3190 738; x_wconf 95' lang='lat' dir='ltr'>    </span> 
     </span>
     <span class='ocr_line' id='line_1_44' title="bbox 0 738 3228 836; baseline 0 -50"><span class='ocrx_word' id='word_1_495' title='bbox 0 738 458 836; x_wconf 95' lang='lat' dir='ltr'>   </span> <span class='ocrx_word' id='word_1_496' title='bbox 3078 738 3228 836; x_wconf 95' lang='lat' dir='ltr'>   </span> 
     </span>
     <span class='ocr_line' id='line_1_45' title="bbox 0 836 3228 1057; baseline 0 -62"><span class='ocrx_word' id='word_1_497' title='bbox 0 836 442 1057; x_wconf 95' lang='lat' dir='ltr'>    </span> <span class='ocrx_word' id='word_1_498' title='bbox 3072 836 3228 1057; x_wconf 95' lang='lat' dir='ltr'>    </span> 
     </span>
     <span class='ocr_line' id='line_1_46' title="bbox 0 1057 3228 1154; baseline 0 0"><span class='ocrx_word' id='word_1_499' title='bbox 0 1057 394 1154; x_wconf 95' lang='lat' dir='ltr'>  </span> <span class='ocrx_word' id='word_1_500' title='bbox 3066 1057 3228 1154; x_wconf 95' lang='lat' dir='ltr'>  </span> 
     </span>
     <span class='ocr_line' id='line_1_47' title="bbox 0 1154 3228 1372; baseline 0 -112"><span class='ocrx_word' id='word_1_501' title='bbox 0 1154 339 1372; x_wconf 95' lang='lat' dir='ltr'>   </span> <span class='ocrx_word' id='word_1_502' title='bbox 3061 1154 3228 1372; x_wconf 95' lang='lat' dir='ltr'>   </span> 
     </span>
     <span class='ocr_line' id='line_1_48' title="bbox 0 1416 267 1573; baseline 0 -51"><span class='ocrx_word' id='word_1_503' title='bbox 0 1416 267 1573; x_wconf 95' lang='lat' dir='ltr'>  </span> 
     </span>
    </p>
   </div>
   <div class='ocr_carea' id='block_1_14' title="bbox 3057 1416 3220 1522">
    <p class='ocr_par' dir='ltr' id='par_1_16' title="bbox 3057 1416 3220 1522">
     <span class='ocr_line' id='line_1_49' title="bbox 3057 1416 3220 1522; baseline 0 0"><span class='ocrx_word' id='word_1_504' title='bbox 3057 1416 3220 1522; x_wconf 95' lang='lat' dir='ltr'>  </span> 
     </span>
    </p>
   </div>
   <div class='ocr_carea' id='block_1_15' title="bbox 0 1522 3216 1660">
    <p class='ocr_par' dir='ltr' id='par_1_17' title="bbox 0 1522 3216 1660">
     <span class='ocr_line' id='line_1_50' title="bbox 0 1522 3216 1660; baseline 0 -87"><span class='ocrx_word' id='word_1_505' title='bbox 0 1573 267 1660; x_wconf 95' lang='lat' dir='ltr'>  </span> <span class='ocrx_word' id='word_1_506' title='bbox 3055 1522 3216 1573; x_wconf 95' lang='lat' dir='ltr'> </span> 
     </span>
    </p>
   </div>
   <div class='ocr_carea' id='block_1_16' title="bbox 3054 1573 3217 1632">
    <p class='ocr_par' dir='ltr' id='par_1_18' title="bbox 3054 1573 3217 1632">
     <span class='ocr_line' id='line_1_51' title="bbox 3054 1573 3217 1632; baseline 0 -3"><span class='ocrx_word' id='word_1_507' title='bbox 3054 1573 3217 1632; x_wconf 95' lang='lat' dir='ltr'>  </span> 
     </span>
    </p>
   </div>
   <div class='ocr_carea' id='block_1_17' title="bbox 0 1632 3216 1842">
    <p class='ocr_par' dir='ltr' id='par_1_19' title="bbox 0 1632 3216 1842">
     <span class='ocr_line' id='line_1_52' title="bbox 0 1632 3216 1787; baseline 0 -105"><span class='ocrx_word' id='word_1_508' title='bbox 0 1660 325 1787; x_wconf 95' lang='lat' dir='ltr'>  </span> <span class='ocrx_word' id='word_1_509' title='bbox 3054 1632 3216 1682; x_wconf 95' lang='lat' dir='ltr'>  </span> 
     </span>
     <span class='ocr_line' id='line_1_53' title="bbox 0 1787 1002 1842; baseline 0 510"><span class='ocrx_word' id='word_1_510' title='bbox 0 1787 1002 1842; x_wconf 95' lang='lat' dir='ltr'> </span> 
     </span>
    </p>
   </div>
   <div class='ocr_carea' id='block_1_18' title="bbox 3050 1682 3216 1787">
    <p class='ocr_par' dir='ltr' id='par_1_20' title="bbox 3050 1682 3216 1787">
     <span class='ocr_line' id='line_1_54' title="bbox 3050 1682 3216 1787; baseline 0 -55"><span class='ocrx_word' id='word_1_511' title='bbox 3050 1682 3216 1787; x_wconf 95' lang='lat' dir='ltr'>  </span> 
     </span>
    </p>
   </div>
   <div class='ocr_carea' id='block_1_19' title="bbox 0 1787 3220 2352">
    <p class='ocr_par' dir='ltr' id='par_1_21' title="bbox 0 1787 3220 2352">
     <span class='ocr_line' id='line_1_55' title="bbox 0 1787 3220 2352; baseline 0 -510"><span class='ocrx_word' id='word_1_512' title='bbox 0 1787 3220 2352; x_wconf 95' lang='lat' dir='ltr'>  </span> 
     </span>
    </p>
   </div>
  </div>
 </body>
</html>
