3292 2368
1077 120 1158 173 398
1793 95 2154 169 Palatinatus
2170 98 2401 171 Rheni.

1434 189 1594 231 Aldecciae
1617 191 1771 235 succedit
1784 192 1822 233 in
1832 205 1912 233 mea
1932 192 2119 235 Methodo
2129 196 2340 234 ‘Palatinam
2356 191 2491 245 Qem‘,
2504 192 2613 246 vulgo
2630 191 2683 231 die
2701 192 2840 247 Waltz.
2896 194 3003 235 Hanc
3013 195 3138 246 nobilem
3235 197 3275 246 iffi

1115 202 1157 337 ς
1191 201 1216 308 7
1296 200 1336 339 ς
1367 200 1393 304 7
1432 243 1789 308 Gettnaniaepartem
1804 245 1973 307 nonnulli
1986 258 2009 287 a
2023 246 2158 288 Palatio
2171 247 2290 307 Riteni
2309 258 2447 286 nomen
2469 245 2655 298 accepiffe3
2674 245 2745 285 Alii
2763 257 2785 286 a
2802 247 2925 287 Caroli
2947 250 3063 305 Magni
3073 251 3138 297 inlli.

1433 305 1595 345 tutione3
1604 299 1662 338 alu
1672 310 1693 339 a
1704 300 1840 339 Palatio
1850 298 2044 341 Trevlrenfi
2054 298 2102 339 fic
2111 310 2342 340 nominatam
2353 300 2496 340 volunt.
2532 299 2663 341 Beatus
2673 298 2874 339 Rhenanus
2883 311 3035 341 conatur
3042 305 3139 355 proba.

3254 248 3267 348 ——p

1432 360 1470 388 re
1479 351 1734 393 exAmmiano
1742 352 1976 399 Marcellino,
1997 351 2216 393 Palatinatus
2231 351 2413 394 ditionem
2425 355 2460 391 δι
2473 363 2608 393 nomen
2625 363 2646 395 a
2661 352 2760 391 Palas
2781 351 2947 405 Regione
2959 352 3137 404 descendille.
3196 388 3210 402 ,

1076 400 1208 443 Scribit
1217 402 1315 443 enim
1334 401 1554 444 Ammianus
1571 404 1609 443 in
1625 404 1724 444 hunc
1742 405 1923 444 modum:
1941 403 2213 458 [bnstisutoponte
2226 416 2315 459 prope
2325 406 2627 459 moguntiacum..
2636 435 2649 454 ,
2667 403 2800 443 coborra
2807 404 2985 460 transsreffk
2992 405 3058 453 [ime
3069 410 3137 462 Qu,
3193 409 3210 457 3*

1076 468 1158 494 num
1181 486 1194 505 ,
1221 456 1382 511 inregione
1388 455 1733 511 Capelliatiana,quaea
1743 458 1849 496 ‘Palas
1859 471 1972 496 nomen
1988 456 2087 496 habet
2097 489 2110 508 ,
2128 460 2317 510 castrafimt
2331 458 2448 512 posita.
2504 457 2549 497 Et
2556 457 2667 498 alibi:
2688 454 2809 515 Qun
2817 468 2951 496 ventum
2957 458 3070 509 effitad
3083 468 3137 517 regi.
3195 460 3198 463 ’

1074 521 1165 546 onem
1178 512 1231 548 cui
1247 508 1408 563 (apeHanj
1425 508 1480 547 vel
1501 508 1599 547 Palas
1615 522 1727 547 nomen
1737 509 1783 559 est
1795 541 1806 558 ‚
1827 511 1884 549 ubi
1893 511 2072 550 ruminales
2089 511 2201 565 lapides
2212 543 2225 561 ,
2241 513 2477 550 Romanorum-0
2498 515 2542 554 ώ-
2557 510 2850 564 ‘Burgundionum-a
2857 509 2991 562 confinia
2997 512 3137 568 distingue.
3201 521 3202 530 ¹

1073 560 1157 599 bant
1176 591 1190 612 ‚
1204 560 1497 655 ‘'ff'‘:ifimtsffitffi
1552 560 1768 602 Hissubiicit
1781 563 1980 603 Rhenanus
1995 577 2004 601 ε
2030 562 2102 602 Hic
2113 563 2294 605 advertere
2310 564 2389 603 licet
2399 564 2596 614 Principem
2610 563 2808 603 Palatinum
2821 574 2898 602 non
2909 574 2931 602 a
2951 564 3075 604 Palatio
3086 571 3135 610 Ca-

1070 613 1155 654 finis
1170 643 1182 660 ,
1200 616 1254 655 vel
1265 627 1292 655 κ
1320 613 1529 655 ificioloillo
1545 614 1650 666 quod
1668 614 1706 654 in
1720 614 1855 656 Rheno
1868 615 2071 656 ostenditur
2086 644 2098 660 ‚
2131 619 2447 657 nomenclaturam
2468 614 2564 655 suam
2582 614 2765 668 possidere
2777 643 2787 659 ,
2806 612 2864 655 (ed
2881 616 3137 661 vetustissimam⁸

1071 667 1241 720 Regione
1248 667 1314 708 effe
1327 677 1450 707 natam
1459 665 1756 721 adpellationem.
1813 670 1897 709 Haec
1915 669 1984 709 ille.
2002 668 2071 708 Sed
2080 681 2164 709 cum
2175 671 2295 722 plures
2306 701 2315 718 ,
2330 670 2557 721 aliorumque
2579 671 2760 708 Locorum
2776 668 2947 708 Comites
2961 670 3134 718 Palatini‚in
3188 685 3190 688 ·

1070 719 1228 760 historiis
1244 720 1489 761 recenseantur
1510 751 1521 770 ‚
1543 719 1726 773 hodieque
1740 719 1943 762 etiamnum
1964 721 2054 771 fint,
2069 720 2164 763 hanc
2183 723 2230 763 de
2254 724 2387 775 Etymo
2403 722 2568 765 Palatini,
2586 720 2796 762 sententiam
2816 721 2976 773 plerique
2995 723 3135 770 reiiciunr.
3192 752 3193 758 ,

1069 774 1154 814 Huc
1162 774 1298 814 accedit
1308 772 1412 827 quod
1423 783 1507 814 ante
1517 785 1537 813 c
1544 784 1563 814 c
1571 784 1590 813 c
1598 785 1619 814 c
1628 785 1751 814 annos
1763 805 1774 823 ‚
1785 786 1904 827 neque
1912 774 2020 816 castra
2031 805 2044 826 ,
2053 786 2174 828 neque
2187 775 2317 828 Opida
2330 776 2364 814 in
2375 775 2442 815 hac
2454 775 2600 828 regione
2607 805 2619 821 ,
2642 775 2706 815 ubi
2717 773 2829 814 hodie
2835 773 3004 815 habitant
3013 804 3023 819 ,
3036 775 3133 820 habue-
3182 783 3185 792 ²

1069 836 1178 867 rum:
1193 821 1251 867 sed
1265 827 1359 867 intra
1370 827 1442 866 hos
1452 838 1572 867 annos
1591 826 1757 879 qucquid
1778 826 1947 867 locorum
1953 838 2057 878 juxta
2073 829 2246 869 Rhenum
2258 829 2393 867 habent
2405 858 2416 873 ,
2430 828 2482 868 vel
2495 827 2746 877 emerunt,vel
2760 826 2871 867 armis
2890 827 2937 867 ad
2965 826 3133 876 uifivetunt.
3181 842 3201 877 f

1067 879 1244 933 Plerisque
1252 881 1369 934 magis
1382 878 1576 921 adlubescit
1588 911 1600 930 ,
1609 879 1634 919 fi
1642 878 1810 920 aPalatio
1821 882 1960 921 Comes
1969 881 2151 922 Palatinus
2160 880 2317 923 dicatur.
2373 881 2454 934 Qui
2465 880 2652 934 dignitatis
2660 885 2694 920 &
2712 879 2882 921 claritatis
2890 892 2940 927 ¹ot
2968 892 2995 920 o
3013 882 3095 923 velut
3103 882 3124 924 ie

1068 934 1234 974 natorius
1239 934 1317 983 jam
1327 933 1419 974 olim
1427 931 1492 974 sub
1500 931 1789 986 Impeartoribus
1796 933 1862 974 elle
1872 935 1999 988 coepit.
2052 935 2100 975 Hi
2104 946 2148 974 nc
2154 935 2218 986 qui
2226 934 2265 974 in
2274 930 2465 975 Comitatu
2475 934 2593 975 Palatii
2604 933 2727 987 praesto
2733 932 2843 974 efflent
2853 933 2964 973 Princi
2966 933 3003 986 pi
3016 964 3029 981 ,
3043 935 3123 976 Pala·
3181 960 3184 980 ,-

1065 987 1103 1026 ni
1115 986 1357 1027 vocabantur.
1384 986 1504 1027 Habet
1515 986 1587 1026 haec
1599 986 1720 1040 Regio
1735 986 1784 1026 ab
1797 987 2001 1029 Occidente
2018 987 2346 1028 Zweibruckensem
2364 989 2573 1027 Ducatum:
2592 999 2664 1039 qua
2676 987 2812 1028 Oriens
2828 986 2877 1026 est
2889 985 3042 1026 occurrit
3056 988 3106 1028 Fra
3203 1017 3207 1030 ι

1061 1038 1171 1078 conia
1183 1042 1219 1078 &
1235 1038 1581 1093 wirtembergenfis
1592 1041 1761 1079 Ducatus
1777 1054 1787 1077 ε
1807 1051 1880 1092 qua
1890 1039 2096 1093 Septentrio
2108 1072 2118 1089 ,
2132 1040 2263 1092 partim
2277 1043 2408 1080 Moeno
2421 1039 2572 1079 flumine
2591 1073 2603 1089 ‚
2623 1040 2759 1091 partim
2773 1049 2934 1079 extrema
2953 1039 3040 1079 Silva
3054 1052 3076 1092 q
3099 1069 3102 1074 .
3122 1061 3124 1074 ι
3177 1083 3178 1087 Ἰ
3198 1068 3203 1085 -,

1059 1091 1285 1133 Ottonicam
1298 1103 1430 1133 vocant
1440 1121 1450 1138 ,
1471 1092 1699 1133 terminatur:
1712 1090 2035 1146 Aliariamattingit
2045 1105 2066 1133 a
2075 1092 2241 1133 Meridie.
2294 1094 2446 1133 Trastus
2457 1092 2514 1133 hic
2525 1090 2705 1132 uniuersus
2730 1092 2944 1132 amoenitate
2954 1089 3100 1141 ‚fertilita

1059 1148 1097 1185 δι
1107 1143 1217 1188 ubere
1227 1146 1400 1187 omnium
1414 1146 1549 1185 Rerum
1562 1145 1669 1197 copia
1681 1145 1739 1187 vix
1750 1145 1812 1187 ulli
1825 1147 2031 1188 Germaniae
2041 1146 2133 1198 parri
2145 1146 2257 1187 cedit.
2296 1148 2448 1186 Montes
2455 1145 2613 1198 plerique
2622 1142 2749 1185 vitiferi
2757 1145 2837 1185 sunt
2848 1176 2862 1194 ‚
2872 1144 3072 1198 vinumque
3081 1158 3121 1199 pre

1058 1197 1317 1240 stantissimum
1329 1197 1521 1252 proferunt
1532 1230 1543 1248 ,
1554 1198 1630 1238 aliis
1643 1199 2002 1240 remotioribuslocis
2012 1199 2212 1252 expetitum
2233 1213 2243 1236 :
2268 1197 2378 1239 iidem
2400 1198 2448 1240 ad
2459 1200 2611 1239 Boream
2624 1197 2806 1240 castaneis
2818 1196 2950 1239 referti.
3001 1199 3042 1238 In
3058 1201 3130 1277 A&
3187 1193 3198 1208 ‘

1058 1250 1208 1305 copiosa
1220 1250 1407 1292 Frumenti
1417 1254 1521 1305 Seges
1530 1280 1539 1295 ‚
1551 1252 1672 1292 Tritici
1690 1253 1863 1307 ‚Siliginis
1877 1284 1889 1301 ‚
1901 1252 2057 1292 Hordei.
2113 1252 2192 1292 Nec
2202 1249 2330 1291 desunt
2342 1253 2506 1292 Pomaria
2519 1254 2572 1300 ,δι
2580 1251 2690 1291 Horti
2699 1251 2870 1291 omnium
2881 1250 3113 1293 felicianum·-

1059 1317 1142 1345 rum
1154 1318 1282 1359 genere
1294 1303 1422 1346 confiti
1435 1305 1513 1358 ,qui
1522 1302 1653 1357 passim
1665 1304 1704 1344 in
1719 1305 1785 1346 hac
1797 1306 1945 1359 regione
1956 1304 2099 1357 plurimi
2112 1302 2286 1348 visuntur,
2307 1317 2441 1358 magna
2453 1316 2656 1357 pomorum
2673 1303 2837 1344 ubertate
2853 1302 3034 1345 scatentes.
3062 1307 3095 1345 In
3111 1322 3128 1338 ·--

1059 1359 1310 1399 wormaciam
1321 1357 1629 1411 ,Heydelbergam
1643 1387 1654 1402 ,
1664 1358 1923 1403 Neostadium,
1934 1360 2179 1399 Crucenacum
2192 1389 2204 1408 ,
2216 1358 2521 1411 oppenheimnm
2531 1355 2803 1410 generosissimae
2811 1355 2891 1396 sunt
2899 1357 3000 1397 Vites
3013 1371 3023 1395 z
3034 1360 3079 1397 Im
3099 1359 3118 1399 ri

1059 1411 1131 1451 mis
1143 1411 1394 1452 Pfettersstemii
1407 1441 1417 1458 ,
1429 1411 1530 1462 cujus
1541 1411 1690 1451 bonitas
1700 1424 1788 1451 cum
1797 1412 1900 1456 Setiis
1909 1441 1919 1456 ,
1937 1410 2091 1452 Falernis
2107 1442 2117 1459 ,
2127 1410 2291 1451 Caecubis
2309 1420 2441 1451 certate
2458 1410 2586 1463 possit.
2617 1409 2710 1450 Silvae
2721 1410 2832 1450 etiam
2844 1413 2878 1449 δε
2890 1412 3036 1449 Montes
3044 1422 3073 1449 re
3115 1431 3120 1447 ‹

1057 1463 1136 1504 sunt
1151 1464 1247 1505 Petis
1263 1494 1272 1510 ,
1295 1462 1524 1517 potissimum
1535 1465 1676 1504 Cervis.
1715 1465 1822 1518 Qin
1835 1468 1868 1504 ἃ
1881 1465 2007 1505 Incola·
2027 1464 2204 1516 plurimos
2215 1464 2253 1504 in
2271 1464 2370 1505 Silvis
2387 1464 2554 1505 untriunt
2572 1464 2723 1506 lineos,
2734 1462 3090 1515 Hoedos‚&Capras,
3102 1482 3119 1495 =‹
3274 1512 3278 1517 1

1055 1518 1163 1570 quod
1176 1518 1247 1558 haec
1257 1516 1438 1558 Animalia
1448 1517 1577 1569 potius
1592 1515 1801 1558 filvestribus
1812 1517 2033 1557 delcetantur
2047 1515 2192 1557 saltibus
2206 1546 2218 1563 .
2241 1528 2353 1569 quam
2369 1516 2494 1569 pratis.
2549 1516 2769 1569 Acarpcndo
2783 1515 2884 1555 enim
2895 1516 3019 1567 Captae
3036 1513 3081 1555 dic
3097 1533 3110 1551 u
3166 1530 3188 1564 ζει
3207 1529 3212 1563 J
3248 1514 3250 1518 ’

1052 1580 1133 1621 tur,
1145 1570 1307 1623 ideoque
1318 1570 1355 1610 in
1369 1571 1446 1622 lege
1456 1568 1649 1610 locationis
1658 1568 1761 1610 fundi
1773 1570 1887 1622 excipi
1896 1569 1983 1610 solet
1996 1602 2007 1620 ‚
2029 1582 2074 1609 ne
2082 1570 2253 1610 Colonus
2263 1571 2421 1622 Capram
2442 1569 2479 1609 in
2494 1568 2611 1609 fundo
2629 1568 2762 1622 pascat.
2803 1571 2932 1622 ⁸l’rope
2947 1567 3115 1621 Heydtlbet
3208 1609 3213 1614 ,
3262 1615 3271 1617 ‚

1050 1636 1139 1677 gam
1147 1623 1198 1664 est
1209 1636 1340 1678 magna
1351 1626 1460 1676 copia
1471 1621 1670 1665 Ardeatum
1687 1654 1698 1671 ,
1716 1623 1840 1676 ibique
1849 1624 1886 1663 in
1900 1624 2066 1663 Nemore
2075 1619 2275 1663 nidificant.
2333 1622 2387 1663 Est
2396 1632 2518 1663 autem
2526 1623 2604 1663 auis
2613 1620 2931 1675 aquatilis‚quippe
2939 1633 3016 1674 quae
3024 1619 3090 1662 vivit
3104 1639 3106 1641 v
3164 1644 3167 1649 ·
3209 1637 3212 1640 ⁴

1046 1688 1143 1729 aqua
1153 1709 1166 1727 ‚
1179 1681 1214 1717 δι
1222 1688 1345 1718 tamen
1362 1676 1489 1717 horret
1497 1675 1637 1730 pluvias
1647 1676 1800 1729 aliasque
1810 1676 2038 1729 tempestates
2051 1687 2159 1728 ,quas
2167 1675 2206 1715 in
2218 1673 2371 1715 sublime
2381 1677 2507 1716 volans
2517 1674 2649 1720 evitare
2665 1685 2821 1717 conatur
2832 1706 2845 1724 ,
2861 1674 2964 1725 juxta
2980 1673 3059 1714 illud
3072 1673 3114 1716 Vir
3206 1721 3208 1724 ¹

1052 1730 1130 1783 gilii
1145 1745 1155 1769 ε
1166 1734 1305 1784 ςΛιψιε
1313 1731 1416 1769 altam
1424 1729 1522 1784 fiepra
1531 1730 1639 1769 volat.
1654 1729 1773 1769 Ardea
1781 1729 1932 1769 nubem.
1967 1733 2130 1771 Vocatur
2138 1729 2246 1769 eriam
2258 1729 2311 1768 ob
2322 1728 2359 1768 id
2368 1728 2486 1769 Ardea
2497 1762 2506 1779 ‚
2516 1728 2619 1780 quod
2630 1728 2741 1769 ardua
2750 1727 2815 1768 suo
2824 1730 2945 1768 volatu
2953 1736 3058 1781 petat.
3080 1729 3108 1767 1³
3163 1744 3165 1747 ·
3204 1731 3208 1735 ’

1049 1784 1106 1823 nit
1116 1782 1245 1824 nidum
1259 1783 1358 1824 suum
1372 1783 1409 1824 in
1429 1782 1608 1824 altissimis
1619 1782 1816 1834 arboribus
1835 1815 1847 1835 ,
1863 1783 2017 1835 oditque
2030 1792 2156 1822 natura
2165 1781 2389 1835 Accipitrem
2401 1779 2728 1839 Fringillariumstu
2738 1781 2867 1822 Nisum
2880 1813 2891 1831 ‚
2907 1780 3006 1826 ,ficut
3015 1778 3114 1821 vicism

1048 1836 1228 1894 Accipiter
1238 1837 1377 1883 exitum
1399 1837 1493 1879 illius
1502 1836 1682 1879 continuo
1693 1837 1835 1894 quaetit.
1889 1838 2129 1878 Decettantes
2143 1845 2267 1878 autem
2277 1835 2317 1877 in
2324 1834 2560 1893 sublimiaere
2571 1866 2583 1890 ,
2599 1846 2752 1892 uterque
2761 1834 2802 1877 id
2813 1847 2927 1877 unum
2935 1843 3088 1927 conatur,
3159 1891 3161 1893 q

3008 1899 3027 1928 a
3039 1897 3094 1928 reru
3109 1917 3112 1921 >

3282 412 3292 446 ἰ

3239 356 3262 596 -——
3235 296 3252 316 ’ἔ

3251 702 3292 834 ΛΜΝ,
3248 620 3292 692 §A

3254 853 3279 880 ,k

742 1433 962 1475 Animam
976 1449 1042 1476 ver-

735 1499 844 1531 ”ctas-
