3284 2352
729 1604 826 1643 Shvae
832 1631 842 1643 .

1037 138 1113 173 288
1647 116 1915 173 LACVS
1952 115 2428 173 LEMANNv's,

1035 188 1118 227 litus
1129 183 1304 226 vindicata
1311 181 1360 227 est
1370 194 1424 233 ‚ac
1433 179 1621 236 prasertim
1635 198 1651 225 1
1660 199 1679 224 2
1690 185 1744 226 seu
1759 200 1778 225 2
1786 199 1804 224 2
1825 187 2058 227 Decembrisr
2066 189 2117 226 60
2124 199 2142 224 2
2151 185 2333 236 ,Castellum
2344 186 2602 238 estlorgiarum,
2612 194 2711 222 anno
2718 174 2836 224 Dom.
2845 196 2860 224 1
2871 199 2910 239 13
2919 202 2933 238 ς
2944 193 2983 232 ab
2991 189 3043 237 tm

1030 239 1200 280 Clotario
1207 238 1452 278 constructum
1470 237 1531 278 est.
1588 242 1807 293 eAquianum
1817 268 1829 283 ‚
1839 241 1950 293 vulgo
1962 243 2096 280 Evusn„
2108 268 2118 285 ‚
2129 251 2151 279 a
2166 242 2268 277 Petro
2276 236 2456 277 sabaudiae
2466 237 2626 277 Comitis
2637 235 2792 275 Amcdaei
2802 237 2903 279 fratre
2917 246 2948 281 δι
2958 249 3022 288 Vim

1029 291 1221 332 conditum
1232 291 1280 330 est
1298 301 1397 329 anno
1411 302 1426 327 1
1436 302 1523 340 237.
1554 290 1665 330 Lacus
1677 292 1733 331 ille
1752 292 1970 331 Genevenfis
1986 305 2028 331 ex
2039 303 2139 345 parte
2147 291 2308 331 Helvetiae
2319 290 2357 328 in
2372 289 2635 343 longitudinem
2658 303 2712 327 xv
2723 300 2737 325 1
2761 319 2773 338 ‚
2788 302 2829 328 ex
2841 303 2932 343 parte
2940 306 3034 342 veros

1033 344 1224 384 baudiaexr
1237 356 1251 381 1
1265 342 1347 381 &in
1366 341 1594 381 latitudinem
1610 356 1654 381 1v
1669 343 1870 384 milliarium
1883 342 1947 384 sese
1957 346 2132 384 extendit.
2167 347 2292 383 Portus
2301 342 2410 381 habet
2418 342 2622 394 frequentes
2632 341 2679 380 ad
2691 341 2882 382 minimum
2897 350 2995 390 165EX
3003 366 3038 405 po

1033 408 1078 437 tu
1091 393 1287 448 Morgienfi
1298 397 1332 433 δι
1344 393 1531 433 Rotulenfi
1547 426 1560 444 ‚
1577 397 1687 448 vulgo
1699 398 1782 434 Rolle
1793 428 1805 445 ‚
1817 396 1951 437 Vinum
1962 397 2148 449 optimum
2164 411 2173 435 ε
2193 408 2235 435 ex
2244 399 2354 435 Portu
2366 407 2451 434 vero
2459 393 2688 434 Promontoii
2701 424 2712 442 ,
2723 394 2832 447 vulgo
2840 400 3028 454 ‘Pormentou,

1033 448 1195 489 Neronis
1215 478 1227 496 ,
1243 447 1353 499 vulgo
1361 447 1485 499 Ἄρνῃ
1497 477 1508 495 ,
1521 459 1581 486 ma
1610 461 1654 487 na
1661 449 1766 500 copia
1781 449 1911 501 ligni&
1923 450 2093 489 carbonis
2110 449 2296 488 Genevam
2307 446 2498 487 advehitur.
2555 445 2731 489 Rhodanus
2746 442 2936 490 Lemanum
2947 454 3035 496 interfl

1032 513 1097 541 ens
1114 500 1161 539 ab
1179 499 1321 551 origine
1341 497 1399 538 sua
1419 501 1525 550 usque
1545 511 1566 539 a
1608 501 1797 549 introitum
1817 503 1928 542 Lacus
1940 514 2016 542 non
2032 501 2081 541 est
2097 501 2232 553 patiens
2252 500 2396 539 navium
2412 531 2424 549 ‚
2455 511 2605 551 nequea
2616 508 2732 550 ponte
2748 500 2927 543 Helvetico
2943 505 3039 548 subur

1023 551 1245 593 Genevensis
1258 550 1418 604 usquead
1435 551 1645 603 proximum
1664 553 1835 605 Opidum
1848 555 1997 593 nomine
2017 553 2116 593 Seffel
2131 583 2143 602 ,
2165 554 2269 605 quod
2282 552 2521 604 7milliaribus
2530 551 2578 590 ab
2597 551 2684 590 urbe
2694 549 2809 591 distat.
2863 554 2956 596 Idem
2965 558 3029 601 fluvi

1031 615 1135 645 certo
1152 605 1239 643 loco
1258 616 1274 653 5
1290 603 1501 644 milliaribus
1518 604 1567 643 ab
1586 605 1674 644 urbe
1689 605 1841 646 distante
1857 607 1896 645 in
1914 605 2127 646 Barathrum
2149 604 2411 645 subterraneum
2430 604 2574 644 labitur.
2646 598 2784 656 Juraffus
2806 607 2914 646 Mons
2929 619 3016 651 tantae
3035 634 3043 647 -.

1033 657 1276 709 longitudinis
1294 687 1306 705 ‚
1324 666 1365 696 ut
1375 656 1451 705 eius
1465 657 1596 696 Incolae
1604 668 1625 696 a
1635 659 1830 699 Germanis
1840 658 1930 698 olim
1942 662 2135 712 Longimam'
2146 658 2227 697 dieti
2238 658 2320 697 sint⁴¹
2339 658 2436 696 Nam
2443 670 2486 696 cx
2496 656 2572 705 ejus
2581 657 2749 695 extremis
2757 659 2985 703 cacuminibus
3001 679 3043 705 co

1033 710 1230 763 spiciuntut
1244 709 1393 762 Templa
1410 711 1564 749 Genevae
1585 713 1619 748 δι
1637 710 1772 750 Basileae
1790 741 1802 760 ‚
1816 722 1973 763 quatuor
1995 723 2055 750 aut
2069 712 2230 762 quinque
2247 711 2389 749 dicrum
2411 710 2533 748 itinere
2543 709 2591 748 ab
2608 708 2759 747 invicem
2781 709 2948 754 distantia.
2995 722 3043 757 ln

1032 763 1208 815 speetatur
1219 774 1304 801 cum
1316 757 1553 802 admiratione
1568 765 1676 800 *Petra
1686 765 1805 815 pertuſsae
1823 794 1834 811 ‚
1850 775 1961 815 quam
1969 764 2189 802 Sebastianus
2201 760 2398 802 lvlunsterus
2415 762 2518 801 insua
2527 759 2814 813 Colinographia
2824 762 2972 806 describit
2983 784 2989 806 ι
3000 775 3036 811 Ire

1033 814 1226 865 Castellum„-
1245 815 1364 853 ‘Puellae
1377 846 1387 862 ,
1410 813 1467 853 seu
1479 815 1619 867 Virgimh
1630 826 1651 853 a
1661 816 1752 856 Iulio
1762 814 1890 856 Caesare
1900 814 2089 854 conditum
2103 831 2112 853 :
2131 819 2217 854 Item
2229 817 2253 851 S
2259 846 2266 853 .
2274 813 2398 866 Clurda
2408 814 2573 868 Opidmm
2588 841 2599 855 ‚
2629 812 2733 865 quod
2744 825 2764 853 a
2778 816 2944 859 Claudise
2953 820 3005 859 lon

1033 879 1115 920 quo
1133 867 1286 907 nomine
1306 866 1506 919 Religionis
1521 867 1678 907 invisitur
1699 883 1709 906 :
1733 872 1826 908 Item
1834 871 1933 908 Pons
1942 868 2077 908 Niveus
2094 868 2208 908 aestivo
2219 871 2386 918 tempore
2408 881 2417 905 ε
2441 870 2533 907 Item
2542 869 2671 906 Puteus
2683 868 2853 908 naturalis
2863 870 2958 910 instar
2971 874 3043 914 thea.

1032 924 1128 960 latus
1144 949 1154 965 ,
1178 920 1283 959 instar
1289 920 1431 971 Templi
1443 918 1637 959 mediocris
1648 921 1739 961 altus
1750 950 1761 965 ,
1773 925 1809 961 δι
1820 921 1924 961 instar
1932 919 2025 960 antri
2036 919 2208 960 obscurus
2227 951 2239 969 ,
2269 929 2446 972 perpetuo
2452 919 2531 959 nive
2539 922 2573 958 &
2585 918 2695 978 glacie
2706 931 2745 960 ac
2757 917 2849 960 forte
2865 923 3006 965 Cristallo
3014 930 3039 980 pl

1032 985 1114 1012 nus.
1170 974 1263 1011 Non
1275 975 1430 1024 procula
1440 974 1530 1012 Lacu
1541 973 1702 1012 Lemano
1712 987 1753 1013 ex
1763 985 1861 1026 parte
1872 972 2054 1013 Sabaudiae
2063 971 2328 1025 conspiciuntur
2348 975 2495 1012 Montes
2502 971 2621 1012 media
2633 971 2745 1012 aestate
2753 972 2830 1013 nive
2845 980 3005 1027 cooperti.
3034 987 3042 1016 t

1028 1024 1181 1119 guidam
1201 1029 1316 1066 Mons
1327 1037 1405 1065 uno
1417 1025 1554 1065 milliari
1572 1026 1620 1064 ab
1633 1026 1729 1066 Vrbe
1737 1030 1887 1066 Gencva
1907 1025 2039 1066 distans
2051 1056 2063 1074 ,
2081 1038 2190 1077 quem
2201 1024 2364 1064 nonnulli
2376 1021 2450 1065 non
2466 1024 2537 1065 fine
2546 1024 2696 1064 horrore
2707 1025 2940 1067 conscendunt
2947 1041 2999 1081 per
3018 1050 3024 1061 ·

1027 1236 1209 1289 temporis
1220 1235 1338 1289 capite
1361 1237 1644 1276 Terraemotuum
1659 1268 1668 1284 ‚
1682 1250 1795 1290 nuper
1804 1237 1986 1278 Gallicein
2003 1237 2118 1276 lucem
2130 1250 2151 1275 e
2179 1236 2248 1281 itis,
2261 1235 2403 1276 Lutetiae
2414 1236 2638 1277 Parisiorum.
2695 1239 2830 1278 Qllons
2840 1239 3023 1293 S.S‹rg1'1'fcrt

1026 1288 1139 1329 fimus
1147 1289 1195 1329 est
1207 1285 1299 1329 inter
1310 1299 1453 1329 caeteros
1464 1289 1658 1335 Chablafii,
1668 1289 1757 1329 inter
1765 1301 1861 1343 quos
1871 1292 1959 1330 alter
1974 1288 2081 1330 etiam
2090 1287 2355 1329 fertilis-caeteri
2367 1289 2451 1329 nihil
2463 1289 2526 1329 nisi
2536 1290 2634 1342 ligna
2645 1285 2698 1328 seu
2711 1286 2887 1329 arbuscula
2898 1291 3020 1333 ferunt„-

1024 1341 1162 1395 pascuis
1174 1347 1369 1383 Vaccatum
1383 1373 1395 1391 ,
1405 1342 1527 1394 quaein
1540 1343 1686 1395 planitie
1698 1343 1885 1383 Montium
1895 1343 2009 1382 aestivo
2021 1353 2187 1394 tempore
2196 1339 2408 1395 saginantur,
2419 1344 2511 1382 &lac
2523 1342 2630 1382 ubere
2641 1342 2821 1391 reddunt„
2845 1346 3027 1399 Caetcrumq

1024 1404 1213 1434 enumeret
1223 1393 1330 1434 casus'
1339 1399 1373 1434 &
1386 1408 1440 1434 res
1459 1395 1712 1435 memorabiles
1722 1397 1758 1435 in
1771 1396 1815 1435 iis
1832 1405 1996 1448 tempore
2013 1394 2096 1434 belli
2105 1395 2243 1447 gestas?
2267 1397 2463 1448 Qantum
2478 1399 2512 1434 &c
2523 1407 2634 1447 quam
2647 1394 2874 1434 formidabile
2884 1399 3021 1456 praecipiti

1023 1448 1164 1487 montis
1186 1446 1456 1487 Mustruace'nfis
1478 1479 1486 1495 ,
1518 1448 1554 1486 in
1565 1443 1669 1500 quod
1681 1448 1829 1502 singulis
1846 1448 1953 1488 annis
1966 1449 2070 1488 multi
2080 1447 2172 1499 Equi
2188 1448 2305 1488 onusti
2320 1459 2361 1487 ac
2381 1449 2546 1488 nonnulli
2559 1451 2774 1488 Mercatores
2784 1450 3033 1500 praecipitesruu.

1022 1500 1085 1540 De
1095 1501 1248 1553 rupibus
1259 1501 1365 1540 instar
1378 1500 1541 1539 dentium
1555 1512 1616 1540 aut
1633 1501 1769 1541 entium
1790 1501 1905 1541 acutis
1921 1500 2070 1541 acutiori
2080 1500 2161 1540 stilo
2172 1499 2218 1539 est
2226 1500 2453 1541 scribendum
2465 1511 2529 1541 aut
2550 1498 2741 1541 filendumr
2794 1502 2852 1540 De
2871 1502 3021 1545 radicibus

1022 1553 1272 1605 quianenlium
1297 1554 1483 1593 montium
1509 1565 1641 1593 norum
1652 1553 1700 1593 est
1721 1567 1781 1594 eas
1802 1554 1950 1607 ignotas
1960 1552 2026 1594 effe
2043 1581 2054 1599 ,
2082 1566 2150 1606 pro
2178 1563 2229 1593 ter
2236 1552 2461 1594 altitudinem
2471 1554 2583 1594 Lacus
2596 1587 2607 1603 ,
2617 1554 2744 1603 ecujus
2754 1552 2832 1593 imo
2844 1554 3001 1608 originem
3016 1569 3034 1597 t

1022 1606 1131 1647 hunt.
1188 1607 1360 1646 Silvarum
1373 1606 1528 1645 maxima
1540 1620 1622 1658 pars
1633 1606 1893 1659 pauperibus&
1902 1606 2074 1647 divitibus
2085 1608 2140 1647 Ca
2170 1618 2274 1648 aneas
2287 1604 2485 1660 suppeditat
2499 1637 2510 1654 ,
2525 1606 2644 1646 Porcis
2656 1610 2691 1646 δι
2702 1605 2832 1645 Suibus
2848 1607 2979 1660 glandes
2994 1610 3032 1659 ,i

723 1647 973 1710 operapublica.
1017 1659 1118 1712 ligna
1127 1659 1185 1699 vili
1205 1659 1326 1711 precio
1339 1660 1526 1710 ,agricolis
1544 1660 1761 1699 curricula&
1774 1659 1978 1700 aratoribus
2000 1669 2127 1700 aratraa
2182 1661 2224 1700 In
2247 1659 2304 1700 his
2322 1659 2410 1700 locis
2433 1660 2535 1699 nullae
2553 1671 2614 1699 aut
2634 1671 2752 1712 paucae
2764 1658 2841 1699 sunt
2857 1660 2988 1700 :rdiculae
3002 1665 3023 1701 S

1014 1712 1159 1751 &torum
1168 1713 1324 1764 reliquiis
1337 1712 1567 1761 venerabiles,
1577 1724 1722 1765 propter
1730 1713 1910 1753 exulatam
1924 1710 2379 1767 Idololatriam.Supersunt
2386 1712 2533 1765 quidem
2541 1714 2691 1764 Templa
2699 1709 2814 1751 sumtu
2825 1716 2858 1753 ἃ
2869 1713 2999 1754 artificio

1021 1763 1171 1817 gnifica,
1188 1765 1367 1817 imprimis
1379 1763 1617 1805 Lausanncnsc
1628 1768 1815 1806 Marmore
1838 1766 2036 1827 nigrescens
2056 1766 2205 1805 interius
2217 1793 2229 1808 ‚
2251 1777 2393 1805 necnon
2410 1764 2617 1806 Genevense
2636 1765 2889 1818 perantiquum
2903 1767 2977 1806 albo
2993 1767 3017 1808 fe

1016 1817 1212 1872 refulgens,
1229 1818 1330 1857 semel
1343 1817 1591 1870 atqueitcrum
1604 1818 1751 1859 fulmine
1770 1819 1881 1859 icium
1894 1848 1906 1864 ,
1922 1830 1973 1860 ita
1985 1829 2025 1859 ut
2040 1831 2123 1859 crux
2141 1818 2312 1871 plumbea
2330 1817 2517 1860 combusta
2535 1819 2576 1859 fit
2596 1824 2630 1859 ὅ(
2644 1818 2750 1858 turris
2768 1819 2837 1857 alta
2855 1819 2993 1866 demissin
3007 1833 3032 1872 q

1019 1882 1104 1913 ante
1111 1872 1241 1915 Caroli
1255 1871 1387 1927 Magni
1404 1871 1605 1916 adventum
1613 1871 1900 1915 exstabat.Adde
1910 1873 2107 1928 Templum
2119 1870 2317 1915 viviacense
2327 1871 2418 1914 inter
2425 1875 2555 1917 Vineas
2561 1882 2658 1914 extra
2667 1871 2767 1914 urbis
2785 1873 2911 1912 moenia
2926 1874 3018 1913 locatu

1060 1091 1100 1117 us
1110 1087 1185 1118 arte
1194 1079 1277 1131 plus
1284 1090 1398 1129 quam
1411 1078 1569 1118 humana
1577 1077 1597 1118 ὲ
1607 1091 1693 1131 rupe
1702 1077 1817 1118 sciss'os
1830 1111 1842 1129 ,
1851 1079 1987 1118 strietos
1996 1106 2009 1121 ‚
2020 1078 2138 1119 &fere
2154 1077 2380 1118 innumeros.
2432 1081 2521 1119 Sunt
2529 1077 2592 1130 qui
2604 1075 2769 1130 supremo
2781 1064 3032 1132 gvraduipedem⁰.

1027 1141 1209 1184 ponentes
1220 1161 1231 1179 ‚
1244 1130 1445 1171 identidem
1455 1129 1669 1183 aconspeetu
1684 1131 1855 1172 horrendi
1862 1131 2039 1187 praecipitii
2048 1130 2191 1183 regressi
2201 1130 2295 1170 sunt.
2351 1131 2407 1170 Est
2416 1132 2506 1171 alius
2516 1134 2627 1171 Mons
2639 1142 2716 1184 non
2728 1132 2851 1182 procul
2865 1132 2910 1171 ab
2919 1137 3030 1186 Aquilae

1027 1182 1244 1237 pidoversus
1267 1183 1440 1224 Valeliam
1457 1211 1467 1228 ‚
1486 1182 1641 1232 decujus
1654 1183 1831 1237 stupendo
1846 1183 1924 1224 casu
1942 1187 1978 1223 δε
1990 1184 2116 1223 εῆεᾶιι
2128 1185 2158 1222 lc
2185 1193 2262 1223 atur
2280 1183 2436 1223 Historia
2449 1184 2488 1224 in
2505 1183 2669 1223 Historiis
2687 1185 2973 1226 memorabilibus
2990 1195 3037 1248 no!

3118 175 3258 240 “orgi-ense·
3274 190 3284 217 r

3113 296 3284 340 'regiorum

3117 397 3171 435 'unt
3180 422 3189 440 ,
3201 402 3237 430 m
3249 401 3284 440 qi

3108 470 3110 484 .
3129 454 3194 499 parte
3204 446 3284 482 Pom

3105 522 3107 531 ·
3132 506 3222 538 entum
3233 505 3283 534 no

3100 549 3276 591 ιἠίὶωᾶιιιῐι

3106 604 3147 644 dis
3159 601 3281 640 inunita

3104 653 3284 697 mnitinstrur

3094 723 3108 745 :-
3120 709 3284 758 nmquam

3096 758 3283 808 ..ibuscreda

3092 839 3102 847 „
3121 814 3220 853 'carum
3240 823 3284 851 co

3098 865 3273 917 oviiquum

3099 944 3110 953 ,.
3123 930 3192 971 quas
3200 928 3268 957 una

3091 969 3248 1023 mislrfidae,
3266 980 3284 1010 v

3089 1047 3104 1059 ¹·
3127 1021 3284 1063 abeodem

3089 1073 3276 1129 impresso.

3089 1127 3284 1169 vuscientiatut

3133 1182 3259 1222 viretus

3093 1259 3109 1285 g
3132 1232 3277 1275 Collado

3090 1310 3100 1323 -ι
3130 1285 3262 1334 ζωυῶ

3095 1362 3099 1375 .
3139 1338 3268 1380 successe

3092 1394 3257 1435 loannesL
3273 1410 3282 1424 ·

3102 1457 3166 1486 acrae
3174 1445 3273 1486 Profe

3095 1495 3252 1538 Profelror.

3084 1552 3262 1591 matrum&

3086 1603 3274 1644 ralienum:

3081 1656 3223 1710 pingueS,
3271 1684 3274 1687 -
