3348 2336
0 193 23 233 it
35 207 183 237 cch·<1
195 211 208 238 1
217 216 251 242 x.
266 206 312 247 Be}
400 207 478 257 favus,
492 200 597 254 quiin
608 196 699 240 mari
718 193 860 239 dulcem
870 200 963 240 hanc
975 205 1109 253 aquam
1119 233 1132 251 ,
1141 214 1254 254 quam
1272 201 1429 242 maxime
1444 211 1617 254 expetunt
1632 231 1643 247 ,
1664 200 1882 241 invenientes
1894 231 1906 250 ,
1923 200 2063 253 ejusqoe
2070 195 2223 253 duc-'ium
2230 196 2352 245 donec
2359 207 2399 246 in

5 246 53 285 ait
63 251 127 300 qui
139 263 265 302 patrum
277 272 320 300 me
397 266 465 308 ffimen
471 253 667 309 perveniant
677 252 881 304 sequentes,
893 252 1064 293 facillime.
1071 255 1267 307 capiuntur·
1324 254 1443 309 Qod
1450 256 1527 295 aliis
1535 254 1651 295 fluviis
1664 254 1861 294 innumeris
1876 266 1954 293 non
1965 253 2146 308 contingit
2157 285 2171 304 ,
2180 256 2282 308 quod
2289 257 2400 309 placi-

0 308 84 349 ³que
96 315 132 342 re
149 303 284 352 fatiam,
295 324 322 350 u.
393 318 473 359 &mare
479 304 708 358 ingredientes
719 307 755 344 &
765 303 900 345 cursum
910 304 1014 345 suum
1027 319 1103 346 non
1115 306 1437 359 strvantes,aquam
1445 306 1540 347 suam
1556 306 1674 347 salsam
1684 305 1977 358 efficiant,quales
1988 304 2067 345 sunt
2077 309 2400 359 Sequana,1berus,

0 363 129 394 nerent.
181 358 322 410 Expertii
391 361 487 411 ranefis,
496 357 625 410 aliique
677 356 801 398 rmulti
810 359 972 409 quamvis
982 359 1145 399 maximi.
1199 361 1339 400 Contra
1350 359 1540 408 Eridanus,-
1548 360 1701 407 Tiberis,
1711 357 2139 409 Rhodanus‚Garumna‚
2150 359 2282 413 aliique
2300 360 2400 403 fluvii

4 400 61 447 ssi,
73 406 108 444 in
116 406 294 459 civibus‚tu
320 434 323 443 ›
393 416 480 457 ωε
491 410 615 463 longiu
627 422 698 462 que
719 411 820 449 Mare
840 409 1080 464 ingredientes
1092 442 1103 461 ‚
1124 411 1220 452 idem
1230 410 1388 452 efficiunt
1400 412 1504 463 quod
1519 411 1620 452 Mosa
1633 444 1645 462 ‚
1665 411 1821 451 alliciunt
1841 423 1969 462 nempe
1987 415 2023 450 &
2038 410 2223 452 adducunt
2240 412 2400 465 Acipen-

0 456 52 494 ciae
61 487 72 505 ‚
90 469 176 509 quas
182 463 306 506 Carolus
387 484 400 506 κ.
412 487 415 490 »
435 464 495 517 ‚sed
502 475 578 502 non
587 471 687 513 tanta
694 462 813 513 copia.
826 465 986 503 Praeterea
995 462 1102 503 Moli:
1111 492 1123 508 ,
1136 471 1198 503 aut
1210 474 1249 503 ut
1257 464 1314 504 alii
1323 464 1396 505 Viri
1404 464 1505 504 doffi
1517 466 1655 506 malunt
1669 495 1679 512 ,
1690 473 1838 515 propter
1848 461 2026 515 utriusque
2042 462 2138 503 fluvii
2160 462 2392 510 affinitatem.

0 510 181 551 Comitatu
197 515 319 558 Dalem
384 533 393 542 ν
415 539 424 555 -«
439 519 447 559 i
460 513 672 567 Acipenseres
689 545 702 564 ,
718 514 905 564 meliores,
923 515 1039 568 gustui
1054 528 1093 555 ac
1105 517 1228 568 palato
1247 517 1419 569 gratiores
1437 520 1472 555 &
1484 518 1635 566 majores
1652 516 1816 555 videntur
1836 546 1848 564 ‚
1865 526 1975 566 quam
1997 517 2108 556 Maris
2128 515 2398 560 Mediterranei.

0 572 13 598 1
31 562 217 604 Brabantiae
233 567 303 621 depe
318 590 322 607 ι
385 575 459 617 &lore
467 570 538 609 sunt
546 565 976 619 argenteo,&,1ucidiore,
990 571 1025 607 δι
1037 568 1124 608 mira
1143 566 1408 621 magnitudine.
1461 569 1693 609 Inveniuntur
1710 569 1807 607 enirn
1818 567 1882 619 qui
1893 580 1969 619 400
1987 568 2159 609 librarum
2170 569 2319 621 pondus
2332 583 2396 610 ex⁴

0 614 129 652 felandiae
142 619 301 664 ‚Namurci'
384 626 464 669 munt,
511 618 696 659 Memoriae
705 618 832 671 prodit
842 619 1137 664 Guicciardinus‚
1149 621 1180 659 se
1191 620 1309 660 vidiffe
1330 620 1574 673 Acipenserem
1586 623 1623 660 in
1636 619 1720 660 foro
1740 619 1979 672 Antverpienfi
1990 633 2067 673 420
2089 620 2261 662 librarum
2274 651 2286 668 ,
2305 635 2397 663 eun*

0 669 171 716 amnium,
183 671 309 713 ‘Bruxellae
383 680 477 727 danque
486 666 709 724 longitudine
718 686 743 710 x
760 683 778 709 1
799 684 814 709 1
830 671 942 723 pedes
952 673 1218 725 Antverpienses
1227 673 1399 713 excelsifl'e
1411 690 1419 711 ε
1433 677 1467 711 ὃς
1479 674 1552 713 alio
1562 673 1620 713 die
1629 680 1738 713 rn'ane
1755 671 1890 726 ibidem
1916 687 1935 711 ι
1953 687 1977 712 x
1992 688 2017 713 x
2031 672 2135 713 fimul
2147 673 2282 720 vidiffe,
2293 687 2397 727 quo-

0 718 194 758 s‘Wechltmae
204 727 320 777 ‚vltraje
382 743 420 773 mm
430 726 587 766 minimus
600 737 623 764 v
642 722 778 777 pedum
798 724 1068 783 longitudinem
1090 724 1289 778 superabat.
1348 725 1449 765 Piscis
1459 725 1561 765 hicin
1574 724 1783 769 Hollandia,
1801 724 1966 765 Zelandia
1978 729 2013 764 δι
2026 725 2130 765 Frifia
2142 725 2262 767 mense
2279 728 2394 780 Aprili

0 782 122 810 uarum
132 785 304 822 numerum,
380 782 475 838 p'mum
482 775 692 828 conspicitur
701 806 712 824 ,
722 779 836 816 &tres
848 776 984 817 menies
996 778 1194 817 continuos
1204 809 1217 829 ,
1227 778 1279 817 vel
1288 774 1424 817 diutius
1433 789 1581 830 quoque
1592 778 1769 817 invenitur
1780 791 1789 814 z
1800 789 1879 828 quo
1893 789 2061 830 tempore
2071 789 2229 830 magnus
2239 779 2317 828 ejus
2333 791 2404 820 ca·

0 833 22 861 ιτ
42 853 53 871 ,
75 826 313 876 Lovnniumfflm
380 836 604 888 piturnumerus.
659 831 780 879 Atque
789 827 873 867 iride
883 830 920 868 in
928 830 1094 884 regiones
1104 830 1188 870 alias
1200 859 1211 875 ,
1233 828 1442 883 inprimisin
1464 831 1631 883 Angliam
1644 830 1739 869 mitti
1750 830 1836 869 solet
1849 845 1858 867 ε
1873 828 1937 869 sale
1944 830 2053 869 etiam
2066 830 2239 870 conditur
2251 863 2262 880 ,
2273 830 2388 882 idque

0 873 122 913 binum„
132 908 144 925 ‚
156 878 314 922 ‘fornacum
380 895 453 938 mgna
459 882 570 934 copia,
581 891 657 933 quo
667 882 775 932 paeto
785 880 883 920 facile
893 893 914 920 a
928 881 1117 935 putredine
1135 881 1358 922 conservatur
1370 914 1381 932 ,
1394 886 1429 922 &
1438 894 1560 934 praeter
1569 882 1607 922 id
1615 889 1765 935 quoque
1776 891 1918 934 tempus
1928 911 1938 927 ‚
1953 893 2039 921 toto
2051 880 2122 921 fere
2131 893 2254 930 anno,
2266 883 2408 925 mino-.

0 942 16 963 a
25 959 34 976 ‚
45 930 317 988 Nnmurcumffl&
358 967 361 970 .
378 935 519 989 mquidem
527 963 537 978 ,
549 934 609 973 sed
618 930 854 973 delicatissimi
864 933 1069 987 capiuntur.
1123 936 1174 975 Ex
1184 935 1257 975 hoc
1269 935 1356 974 mari
1376 933 1484 975 Mosae
1493 935 1622 975 ostium
1634 946 1783 987 quoque
1794 934 1943 974 subeunt
1956 966 1966 983 ,
1973 934 2091 974 dulcis
2101 946 2200 985 aquae
2210 935 2390 986 illecebra,

0 993 71 1019 erus
84 1011 94 1029 ,
106 995 181 1032 quae
192 993 306 1035 praeterl
377 988 480 1042 qinmire
490 982 718 1046 pinguescunt
728 987 914 1026 salmones
924 1018 936 1037 ,
944 987 1064 1027 Trutae
1073 1018 1083 1035 ‚
1091 992 1126 1027 &
1134 997 1219 1027 toto
1231 987 1288 1027 hic
1298 986 1368 1027 fere
1380 988 1602 1039 reperiuntur
1612 1000 1713 1027 anno
1726 1003 1735 1026 ι
1748 988 1834 1027 irem
1848 988 2037 1040 Lampetrae
2047 1017 2058 1035 ,
2072 984 2183 1026 Alosae
2191 1018 2204 1037 ‚
2217 987 2392 1041 Mugiles,

0 1042 39 1071 1t.
94 1035 312 1079 Fluminainh.
377 1036 415 1084 cin
434 1040 456 1079 ri
465 1044 496 1079 &
504 1038 559 1087 alii
571 1037 701 1091 optimi
712 1038 845 1091 quique
857 1038 977 1083 Pilces,
993 1052 1088 1091 quos
1100 1040 1159 1080 hic
1167 1040 1348 1080 brevitatis
1367 1041 1481 1093 gratia
1492 1041 1715 1081 omittimusa
1748 1039 1792 1079 1d
1800 1049 1919 1079 autem
1928 1051 2006 1080 non
2015 1049 2110 1079 caret
2119 1038 2382 1092 admiratione,

1 1084 148 1126 timum.
202 1092 301 1143 Praecip
380 1117 383 1128 ι
401 1054 433 1132 ἕ
438 1093 512 1131 viles
522 1090 592 1130 fere
610 1090 676 1130 sint
693 1090 746 1130 isti
758 1089 884 1142 pisces,
907 1092 933 1132 fi
944 1093 982 1132 in
992 1093 1082 1133 Mari
1095 1092 1282 1145 capiantur
1295 1107 1305 1131 z
1317 1092 1451 1144 optimi
1471 1106 1555 1132 vero
1571 1097 1605 1132 &
1616 1093 1768 1145 pingues
1787 1091 1849 1131 ubi
1861 1092 1980 1132 dulces
1998 1089 2143 1144 ingressi
2164 1092 2243 1132 sunt
2259 1104 2389 1146 aquas.

0 1140 160 1179 ermulta.
174 1143 227 1180 De
235 1143 310 1184 Rhen
384 1144 513 1186 luviushic
522 1153 681 1194 praeterea
693 1174 704 1192 ,
715 1142 843 1195 sponte
853 1149 888 1184 δι
900 1155 1027 1185 natura
1037 1144 1094 1184 sua
1105 1145 1271 1197 producit
1280 1155 1401 1197 praeter
1411 1146 1503 1186 alios
1521 1144 1628 1185 Pisces
1638 1177 1650 1195 ,
1660 1146 1787 1186 Trutas
1799 1145 1973 1197 genuinas
1987 1171 1997 1188 ,
2035 1148 2069 1183 &
2079 1145 2285 1197 Lampetras
2303 1146 2394 1187 alias

0 1202 100 1230 mus.
114 1196 180 1230 Mo
191 1210 208 1230 a
223 1197 295 1245 profl
398 1199 465 1248 jorcs
473 1195 618 1249 quidem
635 1197 843 1236 excellentes
852 1224 861 1240 ,
882 1198 967 1238 :ilias
976 1210 1062 1237 vero
1073 1198 1231 1237 minores
1241 1201 1274 1237 &
1291 1196 1474 1239 delicatas,
1528 1199 1651 1237 Scaldt's
1662 1193 1827 1237 l’to'lemae
1841 1197 1996 1252 Tabuda,
2004 1197 2122 1248 Belgis
2132 1197 2237 1238 Schelt
2248 1229 2258 1247 ,
2267 1199 2388 1239 Gallis

2 1242 96 1282 ribus
113 1259 121 1280 ι
140 1248 172 1283 ἃ
185 1246 217 1285 in
226 1250 308 1299 Sept
390 1249 614 1298 caule‚oriturin
628 1248 891 1289 Veromanduis
904 1281 915 1299 ,
926 1259 1043 1302 prope
1059 1251 1253 1292 Abbatiam
1265 1281 1276 1298 ,
1287 1260 1329 1290 ut
1346 1260 1477 1300 vocant
1493 1248 1727 1293 amman·
1737 1279 1747 1293 ‚
1759 1262 1835 1301 quo
1851 1249 1945 1291 inter
1954 1248 2153 1299 Castelletum
2163 1252 2180 1302 (
2191 1249 2389 1303 chasteau)

11 1294 206 1336 Virdunum
218 1302 307 1350 perlab
382 1297 549 1340 'aellivomm
558 1303 575 1353 (
582 1302 819 1353 ‘Beusc-rcvoe'r)
829 1302 906 1341 duo
918 1305 1113 1343 Gallorum
1123 1304 1397 1356 propugnacula
1410 1334 1421 1353 ,
1433 1302 1594 1356 placidus
1615 1302 1784 1355 incedens
1793 1332 1803 1347 ,
1822 1305 2060 1342 cameracum
2073 1303 2200 1342 urbem
2215 1303 2388 1356 Imperia-

0 1360 20 1436 Γ
33 1346 63 1385 se
78 1361 272 1391 convertens
306 1383 308 1386 .
382 1375 390 1391 Ῠι
407 1355 467 1394 adit
476 1386 484 1403 ‚
492 1365 640 1405 eamque
650 1353 864 1405 perlabitur:
880 1355 975 1395 Hinc
986 1355 1222 1396 Harmoniam
1231 1355 1415 1409 regionem
1428 1357 1808 1408 petensNalencenam
1821 1355 1948 1394 urbem
1969 1354 2132 1394 nobilem
2144 1356 2210 1395 suis
2219 1356 2320 1407 aquis
2331 1354 2389 1395 di-

10 1412 51 1438 us
61 1400 108 1440 ad
121 1414 253 1443 ventum
261 1407 299 1445 Gr
395 1408 475 1447 :hinc
483 1406 625 1459 navigiis
632 1406 801 1446 vehendis
810 1405 839 1444 sc
848 1407 1092 1447 commodum
1103 1408 1262 1460 praebens
1272 1439 1282 1455 ,
1302 1420 1342 1447 ac
1351 1409 1469 1448 Hania
1480 1420 1624 1461 recepto
1638 1439 1649 1457 ,
1667 1408 1879 1447 Condatuin
1892 1406 2093 1460 praeterfluit
2106 1422 2115 1445 t
2130 1420 2171 1447 ac
2182 1408 2310 1447 deinde
2319 1406 2388 1448 flu-

0 1464 129 1492 iemum
141 1485 153 1503 ,
167 1456 308 1497 Ruremu
390 1463 489 1500 neScar
506 1471 535 1497 ‘a
544 1459 665 1499 anetus
679 1462 718 1499 S.
732 1459 939 1499 Amandum
949 1459 1069 1500 lustrat
1084 1478 1092 1499 :
1104 1461 1150 1500 ab
1158 1474 1204 1499 eo
1212 1461 1250 1500 in
1263 1462 1551 1512 Septentrionem
1570 1472 1715 1513 vergens
1723 1462 1926 1500 Tornacum
1940 1460 2202 1509 ,Aldenardam
2211 1493 2222 1511 ‚
2237 1465 2272 1500 δι
2281 1461 2390 1500 Gan-

0 1504 127 1544 iienum
140 1509 172 1545 δι
181 1511 302 1561 Megena
382 1535 383 1538 =
399 1525 445 1551 um
454 1526 489 1552 ur
516 1525 575 1551 em
587 1510 849 1552 celeberrimam
862 1513 1059 1566 perlabitur
1068 1543 1080 1562 ‚
1091 1514 1152 1553 ubi
1162 1513 1310 1552 [lumina
1321 1513 1401 1552 duo
1412 1512 1520 1555 Lisam
1529 1517 1563 1552 &
1572 1513 1704 1553 Liviam
1716 1539 1726 1557 ‚
1737 1511 1889 1564 aliasque
1908 1524 2020 1565 aquas
2037 1512 2173 1565 recipit.
2229 1513 2391 1553 Sinuofis

0 1569 14 1595 1
27 1558 149 1598 Vahali
165 1561 312 1614 commisc
380 1584 397 1600 a,
415 1564 742 1617 ssexibusmultisque
762 1564 951 1606 Maeandris
968 1566 1283 1605 Tenerarnundam
1293 1567 1408 1619 pergit
1426 1598 1438 1615 ‚
1468 1567 1591 1618 ibique
1609 1568 1744 1606 Tenera
1761 1579 1869 1605 amne
1888 1575 2035 1617 recepto
2054 1597 2065 1615 ‚
2082 1565 2127 1605 ad
2137 1567 2299 1606 dextram
2320 1565 2392 1605 flu·

1 1621 17 1647 1
37 1610 200 1651 labuntur
212 1628 220 1650 :
231 1614 298 1654 ubil
376 1636 393 1653 ..i
408 1650 416 1667 ,
430 1614 708 1667 Rupclmundam
721 1619 811 1671 petit
824 1633 834 1655 ε
851 1618 976 1670 ibique
987 1619 1163 1671 Rupelam
1176 1650 1187 1667 ,
1198 1631 1240 1659 ac
1248 1617 1369 1671 paullo
1380 1617 1460 1671 post
1470 1620 1600 1659 Delam
1625 1615 1760 1670 suscipit
1774 1650 1786 1668 ‚
1801 1617 1897 1658 unde
1904 1619 2031 1659 auftus
2039 1622 2074 1657 &
2085 1618 2249 1658 tumidus
2266 1649 2278 1668 ‚
2299 1630 2393 1657 mox

0 1674 88 1702 rovae
98 1676 224 1705 nomen
238 1668 304 1706 acci
368 1703 369 1706 ,
383 1672 501 1721 ntverpiae
509 1669 638 1709 moenia
645 1669 759 1709 adluit
770 1685 780 1708 ε
791 1670 968 1723 Emporio
996 1691 1007 1721 ς
1027 1671 1109 1711 huic
1120 1675 1270 1711 Portum
1282 1670 1506 1723 insignem&
1518 1683 1636 1712 tutam
1647 1673 1791 1711 navium
1804 1671 1993 1712 stationem
2003 1668 2114 1710 efficit
2129 1686 2138 1709 z
2150 1669 2280 1711 deinde
2289 1671 2396 1724 paul-

0 1716 133 1756 aeninnr
151 1748 161 1766 ‚
186 1718 308 1770 ibiquef
370 1722 498 1776 blongius
512 1721 710 1776 progressus
721 1723 896 1774 bipartito
906 1735 968 1762 cur
984 1738 1007 1764 u
1029 1724 1257 1774 Brabantiam
1270 1735 1310 1763 ac
1331 1722 1533 1764 Flandriam
1546 1737 1567 1764 a
1576 1723 1743 1764 Zelandia
1762 1724 2000 1764 discriminat:
2015 1722 2193 1775 liquidem
2205 1724 2337 1763 finilira
2352 1723 2393 1763 in

0 1779 35 1806 m
56 1772 90 1808 &
108 1770 292 1824 Vlaerdinga
306 1791 310 1808 ι
369 1774 475 1815 Austrum
486 1786 675 1815 contortus
685 1787 726 1815 ac
734 1774 891 1815 deflexus
900 1805 911 1819 ,
921 1776 1089 1817 Flandriae
1098 1790 1180 1816 oras
1191 1789 1233 1817 ac
1244 1776 1365 1816 littora
1374 1776 1610 1829 persequitur,
1630 1777 1771 1829 alioque
1789 1776 1939 1816 nomine
1956 1774 2147 1828 insignitus
2154 1776 2196 1815 de
2207 1778 2327 1816 Honta
2340 1777 2392 1816 la-

0 1821 54 1913 FO
64 1822 192 1862 cursum
210 1825 296 1863 retine
370 1836 454 1867 niuac
463 1828 597 1869 fremitu
621 1839 788 1872 vocatur,
808 1840 885 1881 quo
895 1841 957 1881 per
979 1826 1324 1882 Z'uytbevelandiam
1350 1841 1392 1870 ac
1411 1830 1651 1869 Walachriam
1669 1830 1706 1868 in
1720 1832 1911 1880 Oceanum
1925 1829 2186 1868 occidentalem
2196 1839 2294 1881 patet
2311 1828 2393 1869 adi-

11 1874 87 1914 'iam
97 1877 201 1928 aperit
210 1877 297 1927 Acipe
370 1888 444 1931 mnae
452 1879 559 1922 rursus
567 1881 605 1920 in
613 1880 676 1922 has
684 1892 768 1922 oras
777 1879 943 1924 accessus:
956 1881 1082 1925 dextra
1097 1894 1180 1925 vero
1193 1882 1321 1925 reliffis
1329 1883 1530 1925 Brabantiae
1543 1880 1694 1924 finubus
1705 1884 1920 1925 continuato
1929 1880 2028 1923 cursu
2038 1910 2050 1926 ,
2063 1880 2270 1936 servatoque
2281 1881 2390 1922 veteri

210 1926 298 1968 scriba
1446 1937 1531 1990 Qq
2284 1936 2388 1976 alveo
