3276 2464
686 150 799 205 Regin

685 203 787 243 vnde
804 201 904 244 dictu.

687 333 792 371 situs.

689 382 768 435 Coeli
776 393 839 423 iem
875 385 946 423 ries.

688 436 830 486 Sob'sere'
850 440 918 478 ras.

692 714 901 755 ‘animiam
917 727 981 753 va·

691 776 803 810 mim.

695 895 868 948 Imperium
878 897 981 949 majo·

695 960 781 986 rum.

700 1076 814 1129 Opida.

1014 99 1090 139 170

1593 77 1617 130 ὕ
1631 98 1648 137 1
1674 96 1814 155 caia,
1853 102 1855 105 ·
1882 72 2159 166 uipuscoa
2184 77 2253 142 δε
2272 67 2493 162 Legio·

1133 157 1234 216 Ifiqia
1242 156 1370 198 Ioanni
1381 159 1608 216 Gerundenfi
1621 162 1798 216 Episcopo
1808 175 1829 204 a
1840 165 1988 207 Bastulis
2004 160 2133 210 Baeticae
2141 162 2297 215 antiquis
2307 163 2507 202 cultoribus
2519 170 2657 200 nomen
2665 157 2787 199 trahit.
2806 159 2856 202 Hi
2866 162 2950 206 enim
2992 192 2996 211 ,

1135 221 1293 262 primum
1302 222 1346 268 ex
1358 210 1465 262 Libya
1473 213 1510 252 in
1521 213 1728 267 Hispaniam
1738 216 1902 256 Baeticain
1920 215 2159 257 concessissent
2168 244 2178 259 ‚
2192 227 2216 266 a·
2223 215 2358 255 Mauris
2367 216 2451 253 loco
2460 213 2547 265 pulii
2559 213 2597 252 in
2608 211 2760 262 Galqciae
2767 223 2910 256 montes
2926 231 2978 262 con

1133 273 1263 315 gerunt
1273 292 1285 311 ‚
1300 263 1425 313 ibique
1439 263 1622 308 domicilia
1632 268 1825 309 statuentes
1836 281 1973 310 nomen
1991 271 2105 323 gentis
2119 269 2340 308 retinuerunt
2361 298 2373 316 ,
2388 277 2426 306 ut
2437 266 2592 303 Bariana
2601 265 2648 304 ab
2660 275 2707 302 eo
2724 273 2885 315 tempore
2903 268 2974 314 di&
3065 285 3068 286 ⁷
3150 281 3159 287 ⁷·

1088 366 1095 371 .
1131 326 1210 367 quae
1229 327 1326 354 nunc
1336 316 1463 366 Disc'm'a
1479 320 1705 362 nominatur.
1737 320 1889 372 Bisbaiaa
1906 322 2088 362 nonnullis
2108 322 2228 373 Wscaia
2237 320 2434 371 appellatur
2453 349 2464 368 ,
2480 330 2558 369 quae
2568 329 2639 356 vox
2651 315 2697 355 ad
2715 315 2911 358 Vasconum
2922 334 2962 363 no
2990 353 2996 362 .

989 377 1159 416 proxime
1166 366 1316 425 accedit..
1342 366 1515 419 Hispania:
1533 372 1635 424 regio
1644 372 1748 412 estad
1766 375 1959 415 Oceanum
1973 374 2161 413 Montibus
2178 371 2306 412 obfira.
2324 371 2569 422 Temperatius
2587 369 2623 408 in
2633 378 2675 407 ea
2686 367 2993 423 Clementiusquec.

990 419 1066 476 lum
1074 431 1196 470 ,quam
1209 420 1246 457 in
1258 420 1388 470 reliqua
1396 419 1579 473 Hispania.
1612 425 1758 478 Magnis
1774 427 1872 465 enim
1885 427 2076 466 Montibus
2090 423 2306 465 circumdata
2315 435 2379 463 nec
2392 421 2523 475 frigore
2532 420 2648 460 nimio
2667 418 2846 459 infestatur
2856 451 2867 469 ,
2876 431 2987 468 neccal.

991 471 1109 528 nimio
1122 481 1291 529 torretur.
1323 472 1442 525 Regio
1453 474 1655 517 Arboribus
1664 507 1673 522 ,
1694 490 1774 528 quae
1786 478 1937 518 navibus
1947 477 2158 517 fabricandis
2169 477 2304 517 idoneae
2313 507 2325 525 ,
2335 476 2474 515 referta.
2485 472 2600 514 Novit
2620 473 2695 512 hoc
2706 482 2827 523 praeter
2833 474 2912 514 alias
2920 480 2994 522 l’rovi

990 533 1065 562 cias
1078 532 1158 563 tota
1167 522 1334 574 Hispania
1346 554 1356 573 ,
1379 525 1434 564 cui
1447 525 1590 579 integrae
1606 541 1874 582 nonnunquam
1894 530 2010 570 claffes
2028 531 2110 570 hinc
2120 528 2370 568 subvehuntur.
2397 525 2826 574 Castanearum,Nucum
2838 529 2957 570 ‚l‘omo
3108 578 3111 579 ⁷

991 585 1068 624 quae
1079 577 1216 615 vimen
1226 577 1552 627 cognominantur,
1568 581 1699 621 Resinae
1712 584 1962 630 ,Metalloruni
1974 584 2096 622 omnis
2107 582 2241 634 generis
2252 612 2263 630 ‚
2275 580 2444 632 praecipue
2453 579 2544 618 Ferri
2558 608 2568 626 ,
2580 578 2629 617 Ni
2658 577 2756 629 rique
2773 577 2959 628 Plumbi,&
2987 590 2990 595 ·
3197 609 3202 618 X

992 638 1205 686 tum-rerum
1216 626 1439 687 feracissima.
1464 631 1563 672 Vino
1571 635 1703 672 carenti
1713 644 1842 685 potum
1853 633 2114 674 subministrant
2126 638 2235 673 Poma
2246 632 2380 684 saporis
2390 631 2521 684 optimi
2531 659 2541 674 ,
2555 642 2615 683 pre
2646 629 2897 669 amimalium
2909 631 2958 674 hic
2964 638 2993 677 T
3106 616 3238 662 νίψω

992 679 1153 719 restrium
1167 683 1413 730 ,Marinorum
1428 712 1438 729 ,
1451 685 1660 724 Volatilium
1672 700 1681 724 ε
1693 687 1898 731 Ρῐυᾶυυῐη,
1912 688 2163 739 omniumque,
2172 698 2250 738 quae
2261 686 2337 724 virae
2351 683 2544 723 hominum
2556 680 2790 721 commodius
2806 683 2972 733 agendaen
2981 708 2995 724 ..
3061 711 3080 727 a

994 729 1079 771 saria
1091 762 1102 781 ‚
1111 733 1240 786 ingens
1251 733 1368 784 copia.
1403 735 1530 787 Qain
1542 738 1703 787 ‘Biscaiam
1714 737 1824 778 hodie
1835 739 1944 778 dicim
1950 739 2211 787 us,habitarunt
2219 738 2308 776 olim
2319 736 2599 774 Cantabrulatim
2610 744 2732 772 tamen
2743 745 2853 784 quam
2866 735 2875 772 i
2902 735 2978 779 saBis
3048 736 3051 741 ’
3068 767 3077 771 -
3140 716 3188 802 ᾗ
3224 697 3264 730 V

994 795 1118 836 patet,
1129 785 1316 837 occupatis
1332 786 1440 826 etiam
1450 789 1536 827 locis
1545 790 1601 838 iis,
1616 791 1679 829 ubi
1689 791 1961 850 nuncqm'pusboa
1972 795 2005 829 &
2016 792 2187 832 Navarra.
2217 792 2342 840 Populi
2353 787 2568 828 celeberrimi
2581 789 2851 837 multorumque
2868 747 2988 840 AEr'ptis
3049 821 3052 843 z
3068 792 3080 826 ‚⁵
3113 776 3172 805 ‘'⁹''
3185 781 3200 803 ⁰

994 837 1142 877 cantati.
1175 839 1223 878 Hi
1236 839 1343 877 vitam
1355 840 1486 880 nullam
1497 840 1569 880 fine
1579 842 1687 882 arinis
1695 841 1759 880 effe
1767 843 2028 885 existimabant.
2041 840 2405 894 OmnibusHispaniae
2416 839 2562 892 populis
2571 836 2721 877 subaeiis
2731 865 2742 880 ‚
2760 841 2794 877 ὃ(
2807 838 2842 877 in
2853 843 2963 891 populi
2978 852 2983 863 ·
3048 845 3081 896 {0⁴¹
3098 841 3224 892 cab-30!
3247 859 3267 880 o

995 891 1094 930 mani
1129 891 1317 931 otestatein
1324 891 1485 932 adductis
1494 923 1505 942 ,
1521 892 1584 932 soli
1596 906 1679 933 cum
1690 894 1873 935 Asturibus
1882 896 2022 947 aliisque
2033 894 2344 948 conregionalibus
2353 892 2442 932 vinci
2453 903 2529 931 non
2550 900 2762 942 potuerunt.
2780 891 2964 935 Debellavit
3049 895 3080 939 ΓΝ
3118 900 3248 950 Astu

996 942 1083 1003 dem
1094 903 1350 1003 Erocissimani
1362 954 1507 996 gentem
1527 972 1537 988 .
1554 946 1653 985 bello
1661 945 1731 986 sere
1742 948 1998 998 quinquennali
2018 944 2165 987 fraciam
2176 952 2209 986 &
2221 946 2327 987 defati
2354 956 2450 985 atam
2460 973 2470 989 ‚
2481 941 2636 984 C-Caesar
2648 942 2868 983 octavianus
2886 947 2934 1003 {lu
2983 970 2991 986 ..
3043 922 3081 1003 ᾗ]
3152 955 3247 990 κῃ.

995 993 1066 1047 ipse
1074 1005 1204 1036 contra
1211 1008 1278 1036 eos
1290 995 1510 1049 reliquosque
1520 998 1700 1039 Romanis
1717 999 1884 1039 nondum
1895 1010 2055 1052 parentes
2067 998 2262 1052 profectus.
2292 1000 2338 1038 Su
2364 996 2499 1051 jugavit
2509 1005 2635 1038 autem
2652 994 2857 1054 Cantabros
2867 958 2984 1049 νιρὲηιί
3053 1006 3080 1053 ²¹²]
3111 1001 3196 1040 Φ
3216 1002 3228 1006 ’”
3246 1038 3250 1042 .
3268 1025 3271 1028 «

997 1048 1132 1100 grippae
1141 1078 1152 1096 ‚
1160 1059 1439 1101 exterorumque
1447 1050 1663 1103 Legatorum
1672 1063 1771 1103 quos
1781 1050 1896 1092 secum
1906 1052 2054 1092 duxerat
2064 1083 2074 1101 ,
2089 1051 2257 1092 industria
2272 1054 2306 1090 &
2315 1049 2542 1091 fortitudine.
2579 1046 2637 1087 Est
2654 1059 2694 1087 m
2706 1047 2834 1087 Biscaia
2844 1078 2855 1096 ‚
2866 1059 2968 1100 prater
2978 1056 2989 1086 .'
3047 1039 3088 1105 ξ·
3140 1067 3213 1098 Α,

998 1100 1155 1151 opidum
1169 1101 1293 1141 nobile
1301 1102 1417 1139 ‘Bilbao
1428 1133 1439 1151 ,
1450 1100 1495 1141 fic
1504 1101 1643 1143 diatim
1657 1134 1669 1152 ,
1686 1113 1727 1142 ut
1737 1104 1886 1154 quidam
1897 1104 2091 1157 opinantur
2102 1103 2220 1155 ‚quali
2231 1135 2242 1152 ,
2250 1103 2538 1143 commutatione
2556 1099 2735 1140 literarum
2746 1099 2906 1152 Hiipanis
2915 1102 2977 1143 fam‘
2986 1109 2988 1113 ·
3047 1116 3049 1128 ¹
3069 1105 3080 1111 “
3180 1106 3183 1107 ’

998 1153 1147 1197 Delma,
1162 1153 1199 1193 id
1210 1154 1258 1193 est
1276 1154 1397 1193 Bellum
1413 1154 1568 1193 vadum.
1595 1154 1774 1196 Condidit
1791 1156 1953 1197 Didacus
1967 1158 2105 1209 Lopeus
2113 1156 2158 1196 de
2174 1158 2280 1197 Hazo
2300 1185 2311 1202 ,
2329 1155 2599 1196 Cantabrorum
2613 1152 2779 1204 Princeps
2797 1165 2919 1193 annoa
2931 1158 2955 1196 C
3068 1156 3080 1182 i
3260 1184 3265 1189 ,

999 1215 1093 1245 nato
1109 1219 1133 1245 c
1141 1218 1154 1244 i
1163 1219 1186 1245 ο
1200 1219 1282 1246 ccc
1292 1234 1302 1249 ‚
1313 1218 1376 1247 aut
1387 1206 1535 1247 circiter.
1563 1208 1647 1248 Tria
1658 1220 1741 1247 cum
1753 1209 1878 1260 primis
1892 1209 1966 1249 hoc
1973 1208 2126 1262 opidum
2135 1207 2512 1256 commendant,8itus
2523 1204 2756 1258 oportunitas
2767 1207 2940 1253 ,Annona
2948 1221 2988 1249 co
3047 1215 3049 1232 ³
3069 1216 3081 1263 ἡ
3131 1191 3276 1283 Ἢῆ

1000 1257 1238 1311 mirabilisque
1249 1259 1498 1311 Negotiorum
1508 1260 1786 1313 Hominumque
1793 1262 1940 1302 varietas
1952 1265 1985 1301 &
1995 1260 2206 1302 multitudo.
2231 1262 2345 1301 Situm
2354 1260 2402 1300 est
2419 1260 2456 1299 in
2466 1261 2552 1298 loco
2560 1259 2671 1311 plano
2679 1257 2826 1296 duobus
2836 1259 2881 1296 ab
2892 1262 2966 1299 Mari
3046 1256 3081 1301 ἕ*
3240 1266 3257 1279 ⁸*

1001 1311 1159 1351 liaribus.
1191 1314 1253 1351 Per
1265 1311 1335 1351 hoc
1352 1311 1517 1364 Opidum
1529 1313 1566 1352 in
1578 1313 1751 1364 reliquam
1763 1313 1972 1367 Hispaniam
1984 1314 2200 1367 importatur
2215 1345 2224 1362 ,
2234 1310 2413 1365 quidquid
2433 1311 2561 1368 Anglia
2574 1340 2585 1359 ‚
2595 1309 2718 1350 Gallia
2732 1341 2743 1358 ‚
2762 1311 2898 1361 Belgica
2913 1314 2964 1353 mit
2978 1330 2986 1347 ι»
3047 1303 3049 1319 ¹
3068 1315 3081 1359 i
3202 1333 3276 1357 Lm

1003 1364 1173 1416 peridem
1186 1362 1299 1416 ipsum
1311 1374 1514 1417 exportatur
1521 1365 1699 1417 quidquid
1710 1378 1794 1405 cum
1809 1366 1932 1407 iildem
1943 1366 2079 1418 aliisque
2092 1367 2319 1418 Regionibus
2328 1361 2673 1406 communicandum
2685 1359 2797 1400 censet
2809 1361 2965 1414 Hispania.
2983 1374 2986 1402 z

1001 1417 1117 1469 perire
1129 1418 1186 1456 liic
1196 1416 1244 1456 est
1255 1417 1359 1456 Cives
1371 1417 1454 1468 ,qui
1465 1415 1525 1457 soli
1538 1419 1738 1469 quotannis
1753 1418 1810 1459 sua
1823 1419 1971 1471 pecunia
1989 1430 2057 1458 tres
2072 1430 2301 1471 quatuorque
2324 1429 2428 1458 naves
2438 1414 2603 1456 aedificari
2613 1424 2753 1454 curant.
2780 1415 2839 1454 Ab
2850 1419 2944 1456 altera
2961 1436 2987 1455 ι..
3048 1427 3049 1430 ’
3067 1419 3081 1463 i
3142 1443 3197 1476 ,ἃ
3242 1434 3276 1456 ri

1003 1468 1201 1519 opidulum
1217 1468 1325 1508 habet
1336 1470 1374 1509 in
1386 1480 1450 1509 ora
1463 1471 1641 1510 maritima
1653 1473 1887 1525 ‘portugalleeee
1898 1503 1909 1521 ‚
1920 1473 1977 1511 vul
2007 1484 2031 1511 o
2043 1481 2292 1523 nuncupatum
2303 1502 2314 1520 ,
2331 1481 2351 1511 a
2387 1481 2437 1509 uo
2449 1470 2542 1509 rivus
2554 1467 2724 1526 quidam,
2746 1469 2851 1526 maris
2863 1469 2981 1521 ingens·
3048 1460 3050 1475 ⁴
3067 1460 3080 1496 ³¹
3230 1508 3234 1511 ,

1001 1520 1129 1561 chium
1143 1533 1241 1569 ,non
1250 1520 1365 1561 solum
1376 1522 1414 1562 in
1424 1522 1513 1563 hanc
1529 1523 1657 1563 urbem
1679 1524 1786 1575 usque
1799 1538 1807 1562 :
1822 1524 1881 1563 sed
1891 1525 1928 1564 in
1938 1524 1973 1576 ip
1988 1535 2025 1563 as
2039 1525 2147 1564 etiam
2163 1524 2299 1564 domos
2319 1523 2355 1563 in
2386 1522 2450 1561 uit.
2475 1522 2559 1560 Hoc
2577 1530 2767 1572 importari
2785 1530 2888 1570 atque
2901 1535 2987 1574 expo
3121 1520 3198 1543 ²¹*-
3243 1547 3276 1562 f

1005 1584 1120 1626 parvo
1132 1574 1291 1627 negocio
1310 1606 1321 1624 ‚
1337 1574 1467 1624 vilique
1477 1575 1596 1627 precio
1608 1604 1619 1621 ,
1641 1577 1734 1615 varia
1744 1578 1918 1617 Mercium
1930 1605 1940 1619 .
1949 1577 2169 1628 aliarumque
2182 1588 2299 1616 rerum
2308 1585 2433 1629 genera
2453 1572 2571 1614 indies
2579 1572 2694 1613 videre
2705 1571 2766 1612 est.
2822 1576 2907 1613 Sunt
2920 1576 2969 1614 etia
3108 1588 3111 1591 ’
3131 1582 3135 1584 ·
3148 1584 3264 1630 '7ss

1001 1623 1134 1666 Biscaia
1143 1637 1273 1680 portus
1285 1625 1507 1667 nobilissimi.
1521 1629 1600 1667 Nec
1610 1628 1658 1668 est
1666 1640 1728 1668 cur
1741 1627 1884 1670 Piscium
1896 1631 2010 1669 ullurn
2023 1641 2135 1682 genus
2145 1629 2299 1681 requirat
2311 1658 2320 1674 ,
2335 1638 2420 1668 cum
2430 1630 2464 1667 δι
2476 1625 2640 1679 optimos
2648 1625 2782 1664 habeat
2793 1655 2804 1673 ,
2814 1629 2848 1664 &
2858 1638 2988 1677 quantos
3034 1629 3050 1710 J]
3183 1671 3190 1679 x
3206 1627 3209 1630 “
3250 1635 3276 1644 ‘-

1003 1689 1043 1718 re
1057 1679 1140 1719 velit
1159 1709 1169 1728 ,
1181 1677 1312 1731 eosque
1319 1690 1485 1721 recentes.
1505 1681 1717 1734 Margaritas
1729 1681 1815 1721 item
1830 1683 1974 1723 marinae
1988 1694 2063 1722 non
2076 1694 2120 1723 ne
2147 1691 2210 1722 ant
2222 1681 2367 1723 conchae
2407 1678 2465 1719 sed
2475 1691 2552 1731 quae
2570 1677 2824 1730 ignobiliores.
2877 1681 2960 1718 Geni
2970 1692 2986 1718 i
3032 1678 3050 1731 ’.
3071 1688 3073 1708 ÷
3107 1706 3188 1730 Q

1000 1730 1106 1787 bilis.
1119 1732 1259 1784 hilaris,
1269 1733 1426 1786 elegans.
1483 1733 1691 1788 Virginibus
1705 1732 1871 1778 Biscainis
1880 1747 1965 1776 mos
1975 1763 1987 1781 ,
2004 1745 2114 1790 quam
2143 1737 2179 1776 iu
2194 1735 2352 1787 innupta
2385 1741 2451 1775 unt
2470 1763 2483 1788 ,
2510 1743 2575 1775 nec
2592 1730 2742 1787 capillos
2751 1731 2839 1772 alere
2857 1758 2869 1776 ,
2883 1736 2977 1824 nccsiii
3032 1735 3034 1769 l
3047 1721 3051 1793 ι
3071 1705 3086 1828 ζ,
3129 1725 3154 1738 ”““
3244 1739 3276 1770 ,ι

2957 1797 2984 1825 u
3048 1795 3074 1839 ζμ,

3034 1833 3087 1865 ‚rr

3034 1873 3054 1953 M
3074 1851 3226 1906 liin-[sim
3235 1856 3276 1897 f*

3105 1943 3275 1958 r-*:W“
