3188 2336
880 132 961 187 ωε
1331 113 1747 202 Tartaria‚five
1769 114 1999 210 Magni
2024 115 2258 187 Chami
2285 110 2633 210 Imperium.

657 237 662 245 -
1054 214 1085 251 A
1095 223 1120 250 a
1128 222 1152 250 τ
1168 223 1194 249 Α
1205 220 1229 248 n
1242 218 1259 247 1
1276 221 1300 250 A
1313 240 1325 260 ,
1337 209 1394 251 seu
1403 221 1445 251 ut
1454 212 1630 253 existimat
1641 216 1796 252 Ioannes
1808 211 2377 262 Leunclavius;ramm‚Regnum
2391 210 2650 262 amplissimum
2663 207 2709 248 est
2721 222 2731 245 ε
2751 218 2873 261 prater
2884 213 2976 257 enim

579 237 692 291 ΜΨ
1054 265 1205 315 Europae
1215 272 1353 313 partem
1367 265 1494 312 ,eriam
1511 265 1723 305 Sarmatiam
1743 276 1896 304 omnem
1917 262 2106 303 Asiaticam
2119 263 2371 314 complectitur
2387 290 2399 305 ‚
2421 275 2506 302 cum
2526 261 2833 313 Scytliia&Serica
2844 292 2854 307 ‚
2867 275 2976 315 quam

1054 328 1148 356 nunc
1159 324 1289 355 vocant
1297 316 1443 356 Cathaio.
1474 317 1626 356 Nomen
1638 317 1747 357 habet
1756 329 1776 357 a
1788 315 1900 356 fluvio
1910 316 2051 353 Tartaro
2060 347 2072 366 ‚
2082 316 2145 366 qui
2157 326 2237 354 eam
2252 324 2390 366 partem
2411 315 2530 367 irrigat
2542 327 2618 366 qua:
2628 325 2647 353 a
2666 312 2795 354 nostris
2807 319 2977 372 magog,

581 365 690 405 Situs.
1052 368 1099 408 ab
1108 367 1240 408 accolis
1250 369 1426 422 mongus
1435 367 1579 409 dicitur.
1604 369 1676 409 Sita
1694 369 1740 409 ad
1752 368 2043 421 Septentrionem
2057 400 2069 418 ‚
2087 368 2135 407 ab
2150 369 2249 408 Ortu
2268 367 2560 417 potentissimum
2581 366 2668 406 iilud
2678 366 2802 406 Chinae
2813 368 2866 407 Re
2894 381 2980 412 num

885 417 1009 469 habet,
1022 432 1042 460 a
1054 420 1203 460 Meridie
1219 419 1362 459 Indiam
1372 450 1385 469 ‚
1395 421 1568 473 Gangem
1576 419 1651 461 sl&
1665 423 1809 470 Oxum,
1819 421 1868 460 ab
1881 420 2082 460 Occidente
2098 422 2198 459 Mare
2211 418 2382 471 Caspium
2400 422 2436 458 &
2454 417 2644 458 Poloniam
2671 450 2683 468 ‚
2695 418 2784 478 ‚inde
2794 422 2861 460 Mo
2876 424 2979 464 coviae

575 480 655 545 Coeb·
686 490 800 529 nab-m
882 474 1105 513 contermina
1113 472 1179 521 est,
1191 475 1226 511 δι
1235 472 1513 525 aSeptentrione
1524 474 1617 513 Mari
1628 473 1792 515 Glaciali.
1805 472 1868 511 ubi
1878 472 2020 524 prorsus
2035 473 2163 525 ignota
2173 472 2222 510 est
2232 475 2266 511 δι
2278 472 2479 511 inhabitata
2492 481 2637 523 putatur
2649 472 2827 512 &inculta
2835 476 2914 513 ,Aer
2924 474 2978 516 hic

664 502 686 544 q
802 516 812 529 ‘
880 528 915 563 &
925 526 1069 564 Coelum
1080 525 1373 577 imtemperatum
1382 527 1417 564 δι
1427 525 1634 575 mirificum,
1644 527 1804 566 tonitrua
1816 528 1850 564 δι
1858 524 1997 577 fulgura
2008 525 2047 564 in
2057 525 2171 564 aestate
2181 524 2277 563 adeo
2285 524 2522 573 horrenda,ut
2531 535 2597 574 prae
2607 524 2739 563 timore
2751 524 2979 568 hominesin.

880 587 1035 616 tereant:
1048 578 1122 625 jam
1131 577 1230 617 calor
1241 589 1396 630 magnus
1406 577 1455 617 est
1468 608 1479 626 ,
1490 590 1579 617 mox
1591 578 1753 632 frigus,&
1764 577 1975 617 densissima:
1988 576 2086 616 nives
2098 576 2247 616 cadunt.
2273 580 2485 635 ‘Ventorum
2497 575 2696 629 frequenter
2707 585 2784 615 tam
2796 577 2900 617 validi
2918 578 2979 620 fla.

880 637 938 668 tus
950 660 962 677 ‚
975 629 1199 679 utequitates
1210 628 1395 670 detineant
1407 633 1443 668 &
1453 629 1501 670 ad
1513 641 1645 670 terram
1660 630 1830 672 homines
1840 628 2005 678 dejiciant
2018 661 2029 678 ,
2044 628 2193 669 arbores
2206 628 2373 669 radicitus
2384 638 2565 678 evertant,
2580 630 2769 680 multaque
2781 627 2913 671 damna
2924 632 2978 673 in-

574 696 807 743 Sofiftnffitas·
880 679 1001 720 ferant.
1009 685 1049 721 In
1060 682 1189 734 hyeme
1200 682 1252 721 ibi
1264 693 1455 733 nunquam
1464 683 1555 734 pluit
1566 713 1578 729 ,
1590 683 1627 722 in
1639 683 1753 723 aestate
1763 682 1967 735 frequenter
1977 709 1987 731 ,
1998 681 2057 721 sed
2067 681 2162 721 adeo
2174 692 2278 733 parce
2290 709 2299 724 .
2313 692 2353 720 ut
2364 681 2419 721 vix
2427 691 2517 720 terra
2529 680 2711 721 madefiat.
2727 682 2848 734 Regio
2857 693 2978 726 tamen

878 733 998 773 Tritici
1011 762 1023 777 ‚
1036 735 1156 774 Orizae
1167 746 1209 774 ac
1220 733 1385 773 similium
1396 736 1553 788 Frugum
1562 733 1657 775 ferax
1665 735 1732 775 esse
1739 735 1869 775 dicitur
1881 749 1891 772 τ
1902 746 1942 774 ac
1950 736 2083 777 Serico,
2095 733 2284 785 Zingibete
2297 761 2308 777 ‚
2316 733 2573 773 cinnamomo
2582 766 2594 783 ‚
2604 733 2722 787 Pipere
2733 735 2977 789 ,Caryophyl.

879 786 923 826 lis
936 818 946 835 ‚
957 786 1200 827 Rhabarbaro
1209 790 1243 825 &
1260 789 1409 827 Saccaro
1426 786 1631 827 abundare:
1644 785 1772 828 Museo
1780 788 1866 827 item
1880 818 1891 835 ,
1902 787 1981 827 Pice
1992 815 2001 830 ‚
2013 790 2048 826 &
2066 786 2196 826 alicubi
2205 788 2313 825 ctiam
2325 789 2472 826 Auro&
2484 789 2663 838 Argento.
2718 787 2788 826 Hic
2801 789 2920 839 paucis
2940 790 2976 830 in

879 840 969 879 locis
981 840 1117 880 Vinum
1129 838 1310 891 colligitur
1326 867 1337 882 ‚
1357 842 1392 878 ἃ
1404 849 1483 879 tota
1494 840 1678 880 Provincia
1688 839 1820 881 Cataiae
1840 841 1974 880 Vinum
1987 851 2065 878 non
2078 838 2228 891 profert.
2283 840 2373 878 Sunt
2386 843 2421 878 &
2433 840 2522 878 Saxa
2537 839 2637 891 nigra
2648 837 2779 878 fossilia
2792 839 2840 879 ad
2854 840 2976 893 ignem

877 890 1011 931 idonea
1022 904 1098 943 qua:
1106 904 1149 930 ex
1158 892 1351 932 Montibus
1364 902 1535 931 eruuntur
1556 906 1566 929 ε
1586 892 1628 932 iis
1639 892 1693 932 ob
1708 893 1892 946 lignorum
1910 893 2097 944 penuriam
2118 891 2164 932 ad
2182 890 2522 944 ignemstruendum
2541 902 2704 931 utuntur.
2736 892 2794 931 Est
2813 903 2974 944 praeterea

878 944 935 983 hic
944 944 1073 996 passim
1085 947 1204 984 Boum
1215 972 1224 987 ,
1238 946 1457 996 Caprearum
1469 975 1482 994 ,
1492 944 1689 984 Hircorum
1699 949 1734 985 δι
1746 949 1942 985 Porcorum
1956 955 2087 997 magna
2099 945 2204 996 copia
2220 971 2229 986 ,
2240 947 2274 982 ὃ(
2287 943 2465 994 imprimis
2474 945 2709 995 Equorumac
2721 948 2974 989 Iumentorum

877 996 1078 1037 multitudo
1086 1009 1177 1049 pene
1193 996 1424 1036 incredibilis.
1479 1000 1522 1036 In
1540 997 1706 1048 Epistolis
1715 998 1901 1038 Tartaricis
1920 997 2073 1050 legimus
2091 998 2325 1035 Tonas-orum„
2337 997 2579 1048 Imperatorem„
2588 996 2678 1036 alere
2697 998 2879 1048 Equarum
2893 1011 2975 1039 can.

877 1048 1143 1089 didissimarum
1169 1048 1294 1088 decem
1308 1049 1418 1088 millia
1433 1079 1445 1098 ,
1460 1061 1614 1101 quarum
1626 1051 1693 1089 Lac
1704 1050 1820 1090 bibat.
1850 1050 1952 1089 Alete
1963 1059 2125 1101 praeterea
2140 1063 2194 1088 xx
2207 1053 2437 1088 venatorum
2449 1049 2574 1092 millia,
2589 1052 2623 1087 &
2640 1050 2896 1101 Accipitrarios
2914 1052 2974 1092 de-
3062 1090 3064 1101 ⁴

878 1103 948 1142 cies
960 1103 1070 1140 mille.
1097 1102 1202 1141 Plena
1212 1111 1362 1153 quoque
1384 1104 1517 1140 Avium
1530 1112 1589 1150 ,ut
1614 1102 1869 1142 Phasianorum
1890 1131 1899 1146 .
1915 1104 2062 1142 Gruum
2076 1105 2109 1141 δι
2130 1101 2316 1140 similium.
2346 1103 2389 1139 In
2399 1112 2441 1141 ea
2451 1111 2548 1152 parte
2556 1103 2707 1141 Tarratae
2718 1114 2832 1154 quam
2846 1105 2971 1144 Zavol-
3061 1105 3063 1130 l

877 1150 999 1195 heuses
1017 1154 1152 1194 Tartari
1173 1151 1546 1194 tenentferuntsemen
1555 1153 1619 1193 esse
1630 1184 1639 1199 ,
1650 1154 1775 1194 semini
1790 1155 1947 1195 Melonis
1968 1154 2187 1193 simillimum
2203 1182 2215 1197 ‚
2234 1153 2291 1192 sed
2305 1153 2426 1192 minus
2442 1156 2476 1192 &
2492 1154 2702 1206 oblongum
2719 1166 2787 1194 :ex
2798 1167 2844 1195 eo
2855 1156 2878 1196 fi
2890 1157 2973 1199 sera-

878 1217 937 1248 tur
948 1235 958 1250 ,
973 1208 1133 1258 plantam
1153 1205 1356 1246 succrescere
1368 1218 1480 1258 quam
1493 1207 1670 1259 fBoranetz
1687 1219 1701 1246 1
1712 1211 1872 1260 ,Agnum
1886 1217 2031 1247 vocant.
2086 1205 2218 1248 Crescit
2229 1207 2327 1245 enim
2351 1205 2450 1258 Agni
2464 1205 2579 1259 figura
2589 1238 2600 1256 ,
2614 1206 2660 1246 ad
2718 1207 2809 1247 dum
2826 1207 2895 1249 fere
2907 1221 2974 1252 tet-

876 1272 968 1300 num
985 1259 1230 1299 altitudinem:
1243 1258 1841 1311 quempedibus,ungulis,auribus
1851 1292 1862 1308 ‚
1873 1271 1958 1299 roto
1967 1260 2082 1312 capite
2094 1291 2106 1309 ‚
2118 1269 2350 1312 praeterquam
2365 1257 2539 1298 cornibus
2556 1272 2592 1299 re
2620 1271 2661 1299 rae
2675 1270 2792 1300 entat.
2810 1264 2888 1304 ,Pro
2896 1275 2971 1304 cor·
3048 1294 3049 1297 η
3103 1255 3136 1301 f'

876 1312 986 1352 nibus
995 1313 1088 1363 pilos
1098 1312 1188 1366 gerit
1201 1310 1392 1364 singulares
1404 1323 1538 1361 ‚cornu
1551 1310 1673 1363 specie.
1704 1312 1912 1353 obducitur
1924 1312 2026 1352 cotio
2038 1311 2268 1356 tenuissimo,
2288 1309 2391 1360 cujus
2409 1310 2556 1351 detracti
2568 1325 2590 1351 u
2607 1312 2700 1352 usad
2711 1313 2871 1365 capitum
2894 1327 2970 1370 teg·
3030 1277 3046 1379 ΙΙ

873 1364 974 1404 mina
991 1366 1136 1405 incolis.
1191 1365 1344 1414 Ferunt,
1369 1365 1548 1404 internam
1562 1365 1713 1416 pulpam
1732 1366 1917 1405 Cammari
1934 1377 2056 1405 carnes
2068 1363 2192 1404 referre
2208 1378 2217 1402 ι
2237 1373 2397 1404 ceterum
2408 1362 2429 1404 ὲ
2441 1364 2583 1404 vulnere
2598 1377 2748 1417 quoque
2764 1366 2968 1420 sanguinem
3030 1388 3042 1397 κ

873 1416 1267 1457 manarcDulcoreesse
1279 1417 1494 1457 admirabili.
1524 1415 1697 1456 Radicem
1711 1417 1828 1457 humo
1838 1416 2006 1457 exsertam
2023 1448 2034 1466 ,
2043 1415 2210 1469 surrigere
2220 1417 2267 1455 ad
2276 1414 2493 1455 umbilicum
2508 1415 2729 1469 usque.lllud
2738 1419 2846 1459 etiam
2862 1421 2967 1462 mira·
3028 1417 3030 1422 ’

872 1470 942 1510 culi
953 1468 1051 1509 fovet
1067 1469 1360 1523 magnitudinem
1369 1469 1559 1522 :quamdiu
1574 1469 1698 1509 vicinis
1712 1468 1899 1509 obsidetur
1911 1471 2068 1510 herbulis
2081 1502 2090 1517 ‚
2100 1469 2244 1509 tamdiu
2256 1469 2367 1508 vivere
2381 1500 2394 1518 ‚
2406 1468 2508 1520 quasi
2518 1482 2655 1524 agnum
2673 1471 2710 1509 in
2727 1472 2807 1511 laeto
2818 1473 2966 1525 pabulo:

872 1520 1047 1562 absumtis
1062 1523 1129 1562 illis
1141 1522 1312 1562 tabescere
1325 1533 1431 1574 atque
1447 1523 1590 1561 interire
1604 1537 1613 1559 :
1628 1521 1739 1572 idque
1759 1522 1958 1561 nonsolnm
1970 1523 2022 1562 vel
2038 1521 2198 1569 casu‚vel
2214 1521 2329 1562 trae‘tu
2342 1521 2536 1573 temporis,
2560 1522 2739 1564 sedetiam
2760 1525 2966 1578 experiundi
3091 1562 3104 1571 ,Α
3121 1551 3135 1572 ·.

872 1575 984 1628 gratia
998 1574 1181 1614 subtractis
1200 1586 1307 1627 atque
1320 1576 1448 1615 ablatis
1458 1577 1611 1614 evenire.
1656 1574 1752 1614 Illud
1763 1575 1873 1614 etiam
1885 1585 1990 1628 auget
2002 1574 2282 1614 admirationem
2307 1588 2317 1611 ε
2343 1574 2465 1626 appeti
2481 1585 2563 1616 eam
2576 1587 2597 1615 a
2612 1574 2721 1627 Lupis
2730 1576 2919 1631 ceterisque
2928 1590 2962 1620 a·
3024 1584 3025 1596 ³
3095 1576 3097 1584 ’

275 1627 354 1669 ta:-
872 1628 1069 1668 nimalibus
1086 1628 1286 1679 rapacibus.
1342 1631 1383 1667 In
1394 1628 1544 1676 ciuitate:
1555 1627 1732 1678 Qelinfu
1745 1628 1969 1679 reperiuntur
1980 1628 2136 1668 Gallina:
2160 1658 2171 1676 ‚
2190 1638 2270 1678 quae
2287 1626 2374 1666 loco
2391 1638 2593 1679 pennarum
2603 1629 2699 1681 pilos
2716 1629 2854 1671 habent
2867 1632 2964 1673 inslar

274 1679 280 1686 '
296 1688 304 1692 '⁴
345 1686 349 1692 ¹
678 1721 681 1727 ,
811 1717 821 1727 ,
869 1680 1010 1719 Pelium
1022 1680 1114 1732 nigri
1136 1680 1260 1719 scilicet
1279 1681 1413 1720 coloris
1437 1711 1448 1728 ‚
1471 1678 1529 1719 sed
1540 1691 1608 1720 ova
1627 1679 1742 1721 edunt
1759 1680 1915 1733 optima.
1972 1680 2133 1720 Primum
2151 1691 2195 1719 ex
2213 1680 2448 1719 'tartarorum
2487 1691 2571 1721 ente
2594 1685 2855 1733 Imperatorem
2875 1713 2885 1727 ‚
2906 1685 2962 1735 qui
3023 1692 3026 1701 ³

566 1723 740 1772 smp‘rmm
751 1730 854 1772 mast·
869 1734 1041 1785 Regnum
1061 1732 1242 1786 acquisivit
1265 1737 1299 1772 &
1315 1734 1470 1785 Legibus
1490 1733 1674 1773 constituit
1692 1745 1801 1785 atque
1816 1733 1960 1780 judiciis
1976 1764 1988 1782 ‚
2018 1732 2212 1772 nominant
2227 1731 2435 1786 Changiusr...
2477 1746 2569 1772 anem
2588 1734 2640 1774 vel
2659 1732 2838 1777 chamum.
2863 1737 2881 1787 (
2900 1738 2961 1777 Hic

571 1786 660 1817 '‘¹²⁷’-
871 1787 997 1833 Paullo
1007 1790 1149 1832 Veneto
1160 1785 1290 1828 Cmchc's
1307 1785 1437 1830 dicitur
1444 1788 1462 1840 )
1476 1816 1487 1829 .
1514 1787 1600 1837 Eius
1610 1798 1694 1830 aetas
1712 1786 1839 1831 incidit
1853 1788 1891 1830 in
1902 1797 2043 1830 annum
2055 1785 2186 1829 Christi
2204 1784 2438 1833 millesimum
2453 1784 2740 1835 ducentesimum
2760 1787 2957 1883 secunldum.

705 1869 707 1871 -
2886 1855 2957 1885 erus

572 920 780 960 Animatium
790 930 858 958 va·

570 984 682 1015 netas.
